2992 4792
423 360 429 370 ,
453 255 818 373 emmennone
1109 280 1214 363 1215

107 441 212 528 mdd
226 442 280 517 τδν
291 442 686 534 παρααλοῦνεαέιίράντις,
699 449 753 515 ἵνα
767 448 819 515 καί
831 449 939 535 κρίσιν’
946 450 1066 516 δικαίαν
1081 445 1214 534 ζητήσω,-

135 528 245 614 δκχεοῖ
255 533 307 599 καί
326 529 418 611 αάτδς
431 539 487 600 τοῦ
500 527 545 599 δι’
564 530 616 616 ίμδ
631 534 858 617 σταυρωθίντος
878 531 1009 600 ἕνάπιον
1028 532 1087 618 τήν
1107 535 1214 619 δέησίν

107 660 127 692 ,
148 618 213 681 καὶ
234 616 292 701 τη“ν
312 623 429 703 θλῑηιίυ
447 644 506 703 μου
527 614 608 706 αάτρῖ
628 615 803 703 άπαγγελοῖ·
826 618 1013 703 καὶμᾶλλον
1035 620 1143 704 οίςτῆς
1156 645 1209 685 κα-
1242 666 1246 672 -

108 729 109 739 ’
142 700 373 787 ἔπιδιδοιίσης,
401 704 453 770 καί
481 704 590 812 είργειν
611 697 871 786 άναισηυντοάσης
891 705 944 769 καὶ
965 711 1027 770 τῶν
1045 700 1212 771 άναπνοοῖν

107 810 132 859 ς
154 784 198 852 τά
219 784 400 873 λεγόμενον,
423 789 465 866 τίς
486 814 527 871 μη
548 794 739 895 λειτουργεῖν,
761 786 804 873 μη
826 785 976 874 εάλογεῖν,
998 785 1041 874 μη
1063 786 1215 856 διδάσκειν

108 883 109 892 ’
140 869 187 936 τά
210 872 293 957 πρὸς
314 876 461 958 σωτηρίαν
490 894 736 959 παραχωρουσης.
770 871 874 958 άγοιτο
902 868 977 954 οὖν,
1007 877 1137 940 δέσποτα
1162 876 1216 939 καί

123 962 196 1021 τοῦ
219 957 334 1036 παντδς
353 960 386 1026 ἐν
404 953 503 1044 τριάδι
523 955 743 1043 γινωσκόμενος
762 957 816 1023 καί
835 957 1044 1043 ιίμνοάμενος,
1067 957 1141 1026 ὅποι
1161 964 1215 1042 φί-

127 1060 189 1106 σοι
211 1042 252 1109 τά
273 1044 415 1128 ἦμίτερα,
440 1046 617 1127 πρεσβείαις
644 1050 699 1127 τῆς
719 1039 859 1128 άββήτως
878 1044 932 1108 καὶ
953 1040 1138 1131 άββυπάρως
1159 1066 1216 1110 σω-
1263 1080 1265 1085 ·

107 1123 250 1210 ωσάσης
275 1127 325 1195 τδν
352 1130 405 1194 ἕνα
431 1135 487 1212 τῆς
508 1131 658 1213 πανσγίας
682 1128 822 1212 τριάδος,
848 1129 901 1193 καὶ
926 1124 1051 1193 πάντων
1073 1137 1137 1195 τοῖν
1157 1126 1215 1195 εἶπ’

107 1235 177 1287 νος
201 1209 447 1296 λελατρευιιότων,
465 1219 550 1300 θεῷ,
579 1214 632 1278 καί
652 1220 777 1278 τοιαῦτα
799 1209 976 1279 παθόντων.
999 1209 1091 1297 άμην.
1135 1217 1215 1277 Hinc

107 1317 144 1354 m
165 1301 259 1377 argui
273 1310 374 1382 potest
389 1298 585 1360 Athanasium
602 1300 934 1382 necundeepeeceeeionie
946 1321 1065 1361 caueam
1076 1300 1215 1363 habnieee

107 1401 214 1444 aream
228 1384 265 1442 ab
283 1406 316 1444 ea
330 1405 417 1463 qnam
435 1385 538 1445 attulit
554 1386 715 1459 Gregorae.
760 1387 917 1448 Caeterum
931 1386 1103 1446 inconeulto
1118 1395 1148 1447 et
1161 1408 1214 1447 ne-

107 1487 213 1545 quam
229 1470 377 1550 probante
400 1469 562 1531 Athanasio
585 1468 800 1552 Theophanem
824 1471 913 1531 dona'
926 1472 1062 1551 accipere
1081 1472 1214 1548 editum,

107 1562 186 1613 aret
211 1574 252 1614 ex
272 1553 428 1615 Athanasii
448 1555 544 1638 ipeiue
560 1556 714 1617 Relatione
734 1556 774 1618 ad
796 1555 1022 1637 imperaturam,
1053 1554 1129 1619 κατά
1151 1561 1214 1619 τεάν

107 1640 293 1719 ῑροιιερδῶν,
315 1639 448 1704 καὶτῶν
466 1642 642 1721 προνομίαν
657 1646 712 1720 τῆς
727 1641 905 1722 ἐκκλησίαςε
925 1642 958 1700 in
981 1661 1041 1721 qua
1057 1641 1215 1704 Relatione

107 1721 234 1783 inruho
251 1726 401 1805 poatulat‚
432 1735 468 1786 ut
487 1726 660 1806 inquiretur
684 1726 715 1786 in
738 1746 807 1803 εοε,
840 1725 893 1806 qui
908 1725 1068 1786 xeniorum
1088 1726 1212 1787 nomine

107 1806 221 1869 uniam
248 1809 419 1892 acceperint
442 1829 483 1870 ex
500 1810 585 1890 turpi
607 1830 712 1888 cauea,
736 1820 768 1872 et
786 1810 965 1871 nominatim
986 1811 1086 1892 iprum
1103 1808 1211 1871 Theo-

107 1912 189 1952 nem
206 1903 301 1957 notat,
333 1894 409 1958 Cod.
428 1896 503 1974 Reg.
518 1895 628 1960 Teller.
643 1897 698 1956 fol.
714 1896 765 1963 69.
808 1915 920 1956 aorvrn.
986 1943 988 1946 .

134 1991 221 2076 Peg.
242 1995 321 2073 259,
345 1998 396 2065 16.
440 1994 593 2074 Νίφωνδ
617 2000 673 2078 τῆς
702 1995 856 2078 Κυζίκου]
885 1994 1062 2077 Pachymer.
1082 1995 1140 2060 lib.
1155 1997 1212 2060 XI.

107 2123 114 2139 .
134 2078 200 2138 IX.
220 2078 371 2141 Phranzee
387 2080 444 2143 lib.
462 2081 486 2142 1.
505 2101 570 2162 cap.
587 2080 644 2144 IX.
687 2102 821 2144 nocane.

138 2184 222 2263 Pag·
242 2182 321 2261 259,
344 2187 394 2249 18.
422 2176 511 2264 ’Aean
529 2177 628 2264 πάντη
645 2180 701 2265 μδν
719 2178 816 2264 nidoris
836 2185 892 2264 τῆς
913 2180 969 2259 ἔξω
989 2181 1137 2258 παιδείας,
1158 2175 1214 2263 σι’τη

114 2262 161 2328 τά
186 2263 285 2329 πολλά
306 2265 339 2330 δδ
359 2267 412 2331 καλ
432 2272 489 2348 τῆς
510 2267 693 2347 θειοτέρας,
709 2267 751 2344 οἱς
774 2261 851 2349 μηδ’
872 2265 969 2354 οίκείρε
995 2266 1072 2349 ηεαρδ
1090 2263 1129 2329 τά
1150 2272 1213 2331 τῶν

107 2345 244 2432 μμάτων
266 2359 396 2432 στοιχεῖα
423 2346 554 2435 γράφειν
576 2347 684 2433 είδάς]
725 2354 853 2432 Ambigo
878 2353 953 2433 quid
979 2353 1067 2414 volite
1097 2363 1210 2429 utrum,

107 2458 117 2496 ι
145 2436 227 2496 adeo
244 2457 397 2499 eaerarnm
416 2438 582 2500 litterarum
598 2438 690 2499 t'uieee
704 2439 823 2514 rudem,
846 2446 883 2499 ut
896 2458 953 2498 nee
975 2438 1118 2519 profanae
1131 2439 1211 2496 aori·
1243 2444 1247 2451 ’

107 2542 121 2580 ε
143 2521 270 2583 acient:
293 2544 330 2583 an
349 2543 437 2595 vero,
459 2543 523 2583 non
537 2543 633 2603 aequo
647 2522 740 2585 fuieee
757 2524 865 2586 rudem
878 2543 1052 2599 morarum,
1073 2522 1156 2604 quod
1169 2523 1212 2584 so·

107 2606 180 2685 iat,
205 2627 240 2667 ac
256 2609 459 2688 profanarum.
501 2628 650 2673 wocarne.

139 2707 223 2790 Peg.
244 2714 323 2787 260,
344 2715 374 2775 2.
419 2705 506 2791 Πρδς
524 2715 627 2772 πᾶσαν
652 2709 803 2788 βιωτικῶν
823 2701 1026 2790 πραγμάτων]
1048 2707 1211 2786 Interpree,

107 2791 282 2879 familiaria
299 2794 493 2876 peritiaeimua
502 2791 580 2879 fuit.
608 2792 857 2869 Emendavimue,
881 2794 924 2852 rei
940 2787 1113 2852 eoeenloria.
1132 2790 1212 2853 Vide

108 2900 157 2940 ee.
173 2879 401 2944 mechraecit.
418 2880 450 2939 in
467 2881 544 2960 βίος.
580 2898 715 2940 nocane.

140 2980 224 3062 Pog.
246 2987 325 3057 260,
349 2986 399 3047 12.
434 2978 468 3044 ‘0
481 2977 515 3044 δδ
533 2985 671 3054 τοιοῦτος
693 2971 804 3062 τρόπος
820 2975 991 3061 παρίπεισε,
1008 2979 1084 3059 eto]
1107 2976 1211 3040 Codex

107 3068 169 3144 giue
186 3066 294 3143 habet,
313 3062 380 3146 ’ὅγε
398 3062 460 3147 μην
482 3062 558 3147 πρδς
575 3062 713 3140 εὐποιίας
733 3058 877 3145 συμφυὴς
895 3057 1008 3146 τρόπος
1027 3060 1136 3146 παρίει.
1164 3063 1211 3124 Ita

107 3175 146 3213 nn
166 3151 272 3213 Codex
285 3152 462 3226 vaticanus,
491 3161 527 3211 ut
547 3152 653 3233 accepi
676 3171 713 3211 ex
733 3151 777 3211 cl.
798 3148 1012 3228 Roatgeerdio,
1036 3149 1089 3231 qui
1109 3159 1210 3210 tamen

107 3241 204 3303 ὀιΐαν
223 3238 311 3313 legit,
337 3258 401 3297 non
418 3230 564 3310 εάποεῒας.
608 3255 726 3297 nomn.
1045 3262 1054 3275 ·

136 3321 220 3406 Peg.
240 3328 319 3398 260,
342 3324 392 3389 14.
435 3321 525 3406 Λίγω
542 3317 581 3400 δή
595 3325 657 3384 τεδν
671 3314 729 3385 δάο
743 3314 970 3400 παρθενάνωυ]
992 3317 1156 3397 Inter-pree,
1169 3314 1207 3380 de

107 3406 280 3470 tiemonis
308 3403 474 3469 Veetolium
500 3407 659 3490 virginum.
709 3404 883 3482 Edidimue,
909 3400 1202 3465 sanctimonialium.

107 3516 192 3555 rano.

141 3579 221 3663 1²03.
241 3582 318 3653 260,
341 3577 392 3644 16.
425 3570 493 3640 Ἵνα
514 3571 578 3658 ἅμα
598 3573 654 3659 μὲν
676 3574 712 3640 ἐκ
731 3578 795 3637 τοῖν
815 3568 992 3653 προσόδων,
1009 3571 1088 3653 oto]
1108 3571 1210 3634 Verba

108 3660 270 3745 1-a’1'tion9
286 3663 394 3723 abeunt
409 3685 427 3724 ε
443 3661 554 3724 Codice
567 3661 675 3740 Regio:
698 3661 730 3721 in
744 3660 890 3721 Vaticano
909 3668 1009 3720 autem
1032 3659 1126 3719 latent
1149 3658 1207 3718 enh

107 3751 222 3825 redula,
251 3750 337 3810 cuiue
359 3769 429 3829 para
455 3748 578 3809 dimidia
605 3746 758 3827 discerpta
780 3754 836 3806 eet.
877 3743 914 3804 In
937 3753 1024 3826 parte
1046 3743 1208 3825 euperetite

107 3838 169 3898 itur
260 3828 383 3915 πράχεν,
406 3829 482 3898 ent
503 3833 557 3897 καλ
575 3834 723 3896 πλείστων
743 3827 845 3894 ἄλλον
867 3825 966 3904 άλλως
985 3831 1095 3895 πενίαν
1114 3850 1208 3911 παρε-

108 3927 252 3985 ..λωτον
287 3918 462 4000 ίλευθερίαυ
488 3918 662 4002 ίηαρίσατο,
702 3915 756 3980 καὶ
782 3911 954 3988 πεπτοάσας
975 3917 1207 3998 μεγαλοπρεπεῖς

107 4030 133 4085 ερ
150 3998 325 4080 ...δαπάς
348 4004 520 4088 διεβέβλητο
542 4002 598 4086 μίν
617 4025 667 4066 τοι
686 3997 770 4082 παρά
793 4005 856 4063 τοῖν
875 4001 1039 4078 πλείστων,
1061 3997 1105 4075 οἷς
1121 3995 1207 4079 ,διτά-

107 4115 150 4171 νς,
172 4102 227 4179 etc.
267 4090 303 4151 id
319 4111 440 4172 quoque
450 4090 560 4173 ‚accepi
578 4109 618 4151 ex
632 4088 677 4150 Cl.
690 4087 727 4148 V.
742 4086 826 4151 Frid.
842 4086 1049 4164 Boetgeardio.
1069 4104 1185 4146 norvrr.

149 4192 218 4277 Peg·
241 4198 322 4270 260,
345 4196 394 4261 18.
432 4186 529 4269 Οὗτος
548 4185 684 4266 διιείσους
696 4183 908 4272 εάδοιιιμήσει]
930 4187 965 4249 In
978 4188 1089 4249 Codice
1103 4186 1205 4263 Regio,

116 4279 189 4343 etin
205 4280 366 4357 Vaticano,
393 4276 503 4359 legitur
526 4275 700 4362 διεβέβλητο
720 4272 777 4360 μίν
797 4297 845 4340 τοι
863 4270 945 4359 παρά
966 4277 1028 4338 τοῖν
1048 4272 1205 4348 πλείσταν,
