2992 4792
197 303 273 380 680
495 312 730 384 NICEPHOBI
744 308 988 382 GREGORAE

36 500 65 550 A.
78 489 191 550 u6849
203 481 255 547 καὶ
266 482 324 546 'cod
336 477 488 563 βασιλίως
511 474 668 566 περιόντος
700 480 764 544 τῶν
785 482 893 543 κοινάν
918 468 1107 561 πραγμάτων
1122 470 1207 557 ἥμην
1221 468 1299 539 dios-

82 566 160 620 ¹¹¹M
199 582 295 668 κητὴς
318 581 426 666 σχεδόν
460 578 604 649 ἁπάντων
639 581 690 646 καί
722 579 826 668 (imnis
857 581 909 645 καὶ
945 574 1129 665 άποῤῥήτων
1156 576 1300 652 κοινωνός

105 688 313 776 Ummium
335 685 420 750 ἴσασι
436 682 469 751 δ’
484 677 539 751 σάν
551 687 602 750 καλ
612 680 771 768 Ῥωμαίων
786 683 816 748 οἱ
831 684 962 762 πλείους,
986 683 1037 745 καὶ
1053 675 1113 767 πρό
1127 704 1159 766 γε
1173 677 1298 746 πάντων

199 786 221 874 ἦ
241 789 363 873 βασιλὶς
389 785 487 872 αὕτη,
516 785 557 864 ὥς
577 786 676 852 τάλλα
698 787 756 870 μίν
771 786 869 853 πνίων
885 784 968 869 ἤμην
985 784 1087 874 ἔκείνρι
1100 782 1218 864 ταύτά,
1246 784 1298 847 καλ

173 897 258 976 στῆς
279 892 395 956 ἐκείνου
423 886 546 976 γνάμης
563 888 681 954 ἅπαντ’
711 886 858 975 ἐξήρτητο
881 888 921 952 od
939 884 1090 974 ἡμέτερα,
1126 886 1177 951 καί
1196 883 1321 951 πόντἘ

199 992 298 1081 ἔδρων
323 993 382 1078 ἐγώ
401 990 575 1084 προθύμως
597 989 698 1059 δπάσα
712 992 829 1079 ’ἐκείνῳ
850 991 1018 1077 δεδογμένα
1040 981 1097 1075 ἦν,
1131 991 1182 1055 καὶ
1201 991 1298 1073 μηδὲν

201 1089 296 1173 αὖθις
315 1094 388 1180 ips}
403 1096 583 1181 δεδογμένον
596 1087 635 1180 ἦν
649 1095 762 1182 ἐκείνῳ·
776 1092 813 1160 τό
826 1120 859 1181 γε
876 1093 940 1178 μὴν
953 1104 1017 1170 τοῖς
1028 1096 1198 1174 βασιλικοῖς
1210 1089 1299 1159 ἰνδά-

198 1223 277 1285 μασι
289 1198 487 1283 κοσμηθέντα
500 1224 539 1281 με
554 1195 786 1282 συμβασιλεύειν
801 1196 885 1287 αὐτῷ
902 1196 981 1263 sard
997 1195 1053 1280 τὴν
1072 1198 1185 1262 ἐκείνου
1201 1220 1300 1261 σπου-

201 1303 260 1387 δὴν
279 1305 330 1369 καὶ
352 1300 521 1387 βούλησιν,
548 1308 640 1367 τοῦτο
665 1304 685 1367 δ
689 1301 697 1326 '
715 1300 839 1386 οὐδαμῆ
853 1300 931 1387 πρός
942 1296 1120 1384 βουλήσεως
1135 1299 1233 1385 ἴμοιγε
1247 1291 1297 1383 ἦν.

199 1405 258 1490 τὴν
273 1405 306 1470 δ’·
316 1406 416 1470 αἰτίαν
429 1408 461 1471 ἔν
473 1415 539 1481 τοῖς
552 1411 609 1490 τῆς
623 1405 698 1489 ἐμῆς
709 1404 839 1491 καρδίας
852 1400 1009 1487 θαλάμοις
1023 1401 1184 1469 καθεύδειν
1200 1400 1299 1490 άπόῤ-
1308 1418 1344 1473 10

172 1507 299 1597 Βρνγτον
318 1508 351 1575 ἓν
372 1515 417 1598 τῷ
437 1505 567 1595 παρόντι
586 1510 703 1574 δίκαιον
725 1505 801 1574 εἶναι
826 1509 949 1589 νομίζω.
977 1505 1025 1573 ὅτι
1040 1507 1074 1572 δὲ
1087 1507 1138 1570 καλ
1152 1506 1299 1591 τὴνμετὰ

200 1607 343 1679 θάνατον
364 1610 461 1679 αὐτοῦ
483 1612 630 1697 διοίκησιν
648 1614 700 1677 καὶ
721 1610 888 1698 ἐπιτροπὴν
906 1616 969 1676 τῶν
990 1615 1158 1693 βασιλικῶν
1174 1612 1225 1675 καί
1241 1613 1300 1693 δη-

199 1716 318 1799 μοσίων
337 1710 529 1801 πραγμάτων
552 1715 621 1797 ἐμοὶ
640 1715 795 1801 παρίθετο
816 1710 981 1794 πολλάκις,
1016 1715 1067 1778 καὶ
1090 1710 1126 1777 τό
1148 1719 1205 1779 τοῦ
1228 1712 1299 1779 niori

201 1818 253 1883 καί
267 1815 420 1900 βασιλίως
439 1814 583 1882 Ἰωάννου
605 1822 645 1903 τῇ
661 1818 719 1903 ἐμῇ
736 1819 872 1903 θυγατρὶ
890 1812 1177 1901 προεμνηστεάσατο
1193 1819 1296 1902 κῆδος,

200 1916 292 1986 τότε
312 1916 410 1998 άλλα,
438 1919 490 1983 κοιλ
506 1917 558 1983 διὰ
579 1916 615 1984 τό
634 1918 679 2001 μὴ
695 1914 834 1983 κίνδυνόν
847 1941 917 1983 τινα
932 1915 1115 2003 παρακόψαι
1123 1967 1134 1998 ,
1162 1924 1213 1984 καὶ
1234 1931 1299 1996 τοῖς
1308 1936 1342 1991 15

202 2029 315 2096 κοινοῖς
327 2021 378 2085 καὶ
392 2017 535 2086 καθόλου
545 2026 820 2108 παρεισφθαρῆναι
832 2016 1005 2107 πράγμασι,
1030 2017 1151 2107 μάρτυς
1165 2022 1299 2109 ἀπαρίγ-

174 2120 478 2211 ΕγραπτοςἍνναῆ
498 2126 620 2207 βασιλὶς
639 2121 728 2207 αὕτη.
755 2122 825 2212 (Β.)
859 2126 961 2208 Φαίην
982 2123 1040 2207 μέν
1062 2117 1136 2207 οὖν,
1164 2121 1207 2202 ὦς
1221 2127 1299 2192 ἰδιο-

201 2228 333 2314 τροπίαν
346 2226 415 2291 τινὰ
426 2232 483 2310 τῆς
496 2224 608 2295 ἑαυτοῦ
621 2231 718 2310 καλῆς
731 2223 912 2309 ποιοάμενος
923 2228 1034 2304 ἐκεῖνος
1044 2223 1176 2314 γνιόμης,
1195 2235 1299 2296 τοιοῦ-

201 2353 258 2406 τος
272 2321 311 2414 ἦν
328 2329 405 2411 ἐμοί.
433 2331 529 2415 φαίην
545 2333 564 2395 δ
570 2328 581 2356 '
605 2326 645 2395 δν
666 2333 806 2412 μᾶλλον,
843 2331 870 2396 εί
891 2329 953 2416 χρὴ
975 2329 1099 2415 τάληθῇ
1117 2332 1228 2417 λίγειν,
1257 2328 1299 2408 ὥς

204 2432 276 2500 οὐδ’
301 2431 395 2507 αὐτὸς
418 2430 540 2517 οδδοιμῆ
564 2456 638 2499 ποτε
661 2432 796 2498 ἔνίλιπον
816 2429 919 2497 πάντα
941 2435 1023 2520 δρῶν
1041 2436 1092 2497 καὶ
1114 2435 1208 2519 λίγων
1222 2429 1335 2523 inipso

203 2542 262 2621 τῆς
280 2535 377 2601 αδτοά
398 2537 494 2621 ζωῆς,
521 2538 572 2600 καλ
592 2540 750 2623 προτιμῶν
772 2533 819 2599 siri
837 2539 894 2618 τῆς
914 2535 989 2619 ἐμῆς
1005 2535 1056 2601 καὶ
1070 2541 1228 2622 προτιθεὶς
1241 2538 1299 2621 τὴν

201 2638 324 2705 ἐκείνου.
352 2640 403 2702 καὶ
420 2639 474 2703 ἵνα
506 2636 605 2704 τάλλα
636 2633 738 2703 πάντα
771 2636 916 2723 παρίντες
949 2635 1016 2714 ἑνός
1047 2664 1107 2703 ποο
1135 2643 1185 2704 καλ
1211 2643 1297 2706 δυοῖν

105 2747 407 2827 Peunsmodo'ipo·
434 2740 504 2829 άρτι
516 2746 573 2808 τοῦ
584 2740 735 2824 βασιλέως
747 2740 799 2805 καὶ
812 2740 930 2828 πατρός
945 2739 1077 2828 Μιχαὴλ
1097 2741 1296 2828 τελευτῆσαν.

270 2923 298 2981 7.
316 2919 350 2980 τά
365 2940 396 2994 γε
411 2920 468 2995 μὴν
483 2939 531 2978 em
547 2921 622 2979 Bniv.
639 2939 687 2994 pro
703 2919 768 2980 τότε
784 2920 848 2995 μήν.

273 3076 311 3130 ‘ta
325 3094 357 3130 ae
370 3081 508 3147 praesenta
523 3094 578 3142 sna,
594 3078 640 3148 qui
657 3078 718 3132 rivo
729 3077 886 3149 imperatore
894 3078 1015 3201 publicas
1038 3094 1081 3131 res
1094 3075 1298 3131 administrabam

215 3164 259 3200 ere
278 3163 379 3212 omnes3
396 3146 555 3229 quinumbills
573 3146 683 3200 dicenda
703 3148 803 3218 pariter
816 3155 892 3202 taceo
911 3165 978 3216 aqua
991 3147 1073 3199 omnia
1089 3147 1297 3199 communicabat.

202 3216 305 3297 Norunt
320 3224 391 3270 certe
404 3225 431 3269 et
443 3216 507 3285 plen
525 3232 558 3267 ue
573 3215 757 3284 Romnum,
774 3223 802 3271 et
815 3235 877 3288 prae
894 3216 1005 3270 caeteris
1018 3218 1135 3285 Augusta
1151 3216 1213 3269 baec
1230 3216 1298 3285 ipsa,

156 3296 162 3307 “
204 3289 234 3366 ut
245 3284 351 3406 relrpuis
366 3285 394 3338 in
408 3287 486 3338 rebus
499 3233 566 3337 δότω
579 3287 680 3339 omnino
695 3304 751 3339 oum
764 3287 807 3339 ἰΙΙο
820 3285 955 3349 sentirem,
973 3294 1000 3338 et
1013 3294 1101 3337 nostra
1113 3284 1195 3337 omnia
1213 3286 1245 3337 ab
1265 3283 1298 3336 ii-

201 3352 252 3406 hus
267 3372 300 3407 το
311 3360 399 3408 σιτίσαι
418 3354 576 3423 penderent3
593 3362 638 3419 ut,
656 3355 781 3439 quidquid
800 3355 839 3408 illi
859 3354 939 3408 visum
952 3361 1038 3417 esset,
1054 3355 1175 3408 alacriter
1193 3351 1298 3423 exsequi

202 3422 320 3487 solerem,
338 3440 368 3476 ao
381 3441 468 3477 rursus
480 3422 545 3476 nihil
556 3424 623 3493 quod
636 3442 685 3477 non
699 3424 738 3477 ills
750 3424 831 3478 νίευιο
844 3432 927 3477 εσιεῑι
944 3433 973 3477 et
981 3434 1074 3487 tamen,
1089 3441 1144 3476 cum
1159 3423 1183 3475 is
1194 3439 1299 3491 magno-

203 3509 267 3563 pere
280 3502 388 3562 cuperet
400 3492 531 3562 velletque
548 3510 589 3546 me
606 3492 749 3562 insignibus
769 3492 940 3562 imperatoriis
957 3500 1071 3547 ornatum
1092 3509 1147 3544 eum
1167 3510 1198 3544 eo
1217 3491 1299 3560 impe-

203 3578 280 3625 rare,
303 3563 336 3615 ab
350 3578 382 3615 ea
400 3579 430 3615 re
450 3561 550 3614 omnino
567 3562 723 3616 voluntatem
740 3580 822 3616 meam
837 3562 1009 3616 abhorruisse.
1043 3561 1123 3614 Cuius
1140 3558 1179 3613 rei
1198 3576 1300 3613 oausam

203 3631 253 3684 sub
264 3630 352 3683 intimo
366 3636 473 3700 pectore
484 3647 586 3684 manae
598 3631 711 3685 abditam
723 3632 820 3685 restim
833 3639 896 3701 puto
908 3633 956 3685 boo
968 3640 1090 3700 tempore.
1124 3630 1202 3691 Quod
1215 3636 1301 3683 autem

200 3698 264 3753 mihi
278 3716 321 3752 res
331 3705 385 3753 tam
394 3699 572 3771 imperatorias
585 3718 661 3770 quom
675 3701 792 3771 publicas
810 3707 869 3784 post
884 3710 988 3754 meroem
1003 3718 1072 3753 suam
1086 3698 1300 3752 administrandas

200 3768 417 3847 commendaverit
435 3786 634 3839 saepenumero,
657 3770 798 3839 Insanique
816 3771 965 3839 imperatori
985 3769 1038 3822 filio
1058 3786 1104 3820 suo
1123 3769 1200 3822 tiliam
1219 3784 1300 3821 meam

200 3836 370 3892 destinaverit
382 3855 500 3902 uxorem,
517 3843 571 3891 tum
582 3840 615 3893 ob
629 3837 696 3904 alia,
712 3845 768 3893 turn
784 3856 817 3893 ue
831 3839 893 3908 quid
906 3837 1015 3909 periculi
1030 3837 1205 3900 suboriretur,
1222 3846 1300 3905 atque

199 3905 228 3959 in
241 3907 380 3976 perniciem
393 3906 432 3960 rei
452 3906 572 3976 publicae
590 3908 722 3979 totiusque
734 3907 837 3978 imperii
854 3910 1006 3977 obreperet,
1024 3907 1098 3959 testis
1114 3913 1155 3960 est
1170 3906 1237 3958 omui
1252 3923 1300 3957 ex·

173 4022 179 4037 ,
200 3975 323 4045 ceptione
341 3977 422 4035 maior
442 3982 516 4030 Anna
534 3978 599 4030 baec
616 3977 775 4046 imperatrix.
810 3977 873 4047 (11.)
892 3977 992 4030 Possim
1004 3975 1105 4046 quidem
1117 3976 1190 4028 illurn
1203 3975 1299 4038 dicere,

200 4061 258 4098 oum
277 4044 306 4097 in
324 4061 365 4097 me
383 4044 442 4098 talis
462 4045 545 4109 soret,
563 4045 716 4115 singularem
732 4046 860 4116 quandam
877 4045 1025 4100 excellentis
1044 4044 1121 4098 animi
1133 4044 1173 4096 sui
1191 4043 1300 4096 indolem

199 4130 231 4168 re
243 4114 303 4183 ipsa
317 4113 470 4167 declarasse.
504 4110 572 4168 Illud
582 4122 666 4168 tumen
679 4114 860 4169 affirmaverim
875 4115 975 4184 potius,
993 4115 1017 4167 si
1030 4130 1118 4167 verum
1135 4118 1239 4182 oportet
1256 4111 1302 4164 di·

201 4199 276 4248 sere,
299 4200 340 4236 me
353 4182 467 4236 vicissim
481 4183 550 4236 baud
570 4183 702 4240 destitisse
720 4201 829 4253 unquam
847 4201 894 4254 pro
916 4184 1002 4237 salute
1017 4181 1099 4253 ipsius
1113 4182 1197 4235 omnia
1212 4182 1302 4234 facere

201 4269 233 4306 eo
247 4252 351 4317 dicero,
374 4251 494 4322 vitaeque
513 4252 580 4304 iliius
601 4270 681 4306 susem
701 4270 801 4323 semper
823 4251 1011 4321 posthabuisse.
1050 4252 1136 4321 Atque
1155 4259 1185 4305 ut
1201 4249 1302 4302 omissis

192 4321 315 4379 xcaeteteris
326 4339 402 4379 uuum
415 4330 460 4377 aut
473 4323 581 4378 alterum
598 4321 737 4380 suemus
751 4321 908 4394 exemplum:
925 4326 1030 4378 recente
1045 4321 1128 4376 adbuc
1139 4318 1301 4392 imperatoris
