2992 4792
220 332 297 413 698
525 340 761 413 NICEPHOBJ
780 342 1020 413 GBEGORAE

58 520 87 573 Δ.
101 516 285 588 Μ.686οπἀς
304 506 441 596 ἀλλαχοῦ
462 508 635 597 παρέδειξεν
654 504 741 581 αίιόν,
775 510 827 575 καὶ
858 514 952 575 reiro
972 501 1143 596 προϊόντων
1167 502 1256 592 ἡμῶν
1282 506 1317 573 ni

222 614 303 682 κατά
321 613 379 698 τήν
396 610 613 701 ἀρμόττουσαν
626 609 734 700 χώραν
753 609 936 700 ἀφηγήσεις,
963 618 1020 697 τῆς
1034 611 1184 696 ἀληθείας
1196 610 1253 676 οὐκ
1266 611 1316 674 ἓν·

204 724 377 804 «χωροῦσαι
385 765 397 797 ,
421 710 607 804 σαφηνιοῦσι
621 726 688 792 τοῖς
701 721 796 781 πᾶσιν
811 717 842 792 ίς
855 715 1006 802 τάκριβές.
1033 721 1089 780 νῦν
1109 716 1143 779 δὲ
1161 711 1259 796 μόνον
1279 713 1316 779 τὸ

190 828 263 908 (ispi
277 818 420 908 παρούσῃ
430 822 517 911 χρεία
537 822 606 907 περὶ
622 818 719 885 αάτοῦ
732 825 888 904 προσήκω
911 815 1046 894 εἰπόντες
1061 813 1314 899 ἀπαλλαξόμεθα.

223 921 296 1013 (Δ.)
325 929 392 990 Τοῦ
410 922 469 1009 γὰρ
493 923 644 1003 βασιλίως
661 919 899 1006 τελευτήσαντος
918 920 997 1006 ἤδη,
1023 923 1075 987 καί
1090 918 1197 1007 φήμης
1209 922 1345 985 braiao

91 592 143 642 lud.
157 595 190 646 10

222 1030 351 1111 θείσης,
378 1023 421 1103 ὥς
441 1029 597 1116 βασκανίᾳ
616 1025 861 1113 τυραννηθίντες
882 1030 945 1091 τῶν
965 1030 1021 1108 τῆς
1032 1029 1194 1107 βασιλικῆς
1209 1047 1318 1107 γερου-

222 1132 294 1208 σίας
316 1130 388 1196 ἴνιοι
412 1129 470 1214 τήν
487 1136 543 1197 τοῦ
561 1132 819 1214 Καντακουζηνυά
840 1134 982 1193 καθελεῖν
996 1128 1191 1213 ἐπεχείρησαν
1208 1123 1313 1204 δόξαν,

222 1238 414 1320 σατραπικοῧ
425 1257 508 1309 τινος
524 1223 614 1308 οὗτος
630 1227 757 1318 ἐγεγόνει
772 1230 892 1318 πλήρης
906 1237 1013 1313 θυμοῦ
1029 1233 1080 1296 καὶ
1092 1231 1198 1312 βιαίας
1214 1228 1317 1314 ἀργῆς·

224 1339 275 1403 καλ
292 1335 357 1420 ἅμα
371 1333 562 1419 παμπόλλων
575 1333 733 1420 ἐμπλήσας
750 1341 826 1401 νεῶν
847 1335 885 1401 τό
907 1341 970 1401 τῶν
982 1334 1169 1420 Σμυρναίων
1191 1333 1319 1397 ἐπίνειον

194 1438 330 1523 Binaitir
342 1439 399 1525 τὴν
419 1436 585 1524 ταχίστην,
613 1436 656 1515 ὡς
669 1437 786 1526 iporeae
794 1488 805 1520 ,
834 1439 1000 1519 διαβαίνειν
1013 1438 1060 1502 inl
1074 1442 1158 1524 κακῷ
1172 1441 1236 1501 τῶν
1248 1432 1318 1520 ἀχρι
1327 1443 1363 1499 10

222 1544 395 1622 Βυζαντίου
412 1546 574 1633 Θρᾳκικῶν
581 1548 692 1628 χωρῶν
708 1545 758 1607 καί
772 1540 899 1609 πόλεων.
926 1547 1026 1607 ταῦτα
1040 1539 1142 1623 ἐπειδὴ
1157 1540 1225 1625 περὶ
1234 1540 1320 1625 Χεβ-

222 1642 356 1733 ήόνησον
376 1645 538 1730 ἀκηκοέναι
565 1642 784 1713 συνεπεπτώκει
802 1646 1069 1733 Καντακουζηνήὶ,
1103 1643 1155 1708 διὰ
1183 1643 1320 1724 σπουδῆς

223 1745 349 1834 ίγεγόνει
362 1755 485 1835 μακρᾶς
499 1748 655 1832 πίμψαντι
662 1797 672 1829 ,
699 1749 754 1814 τόν
772 1755 913 1815 τοιοῦτον
926 1748 982 1831 τήν
1002 1748 1151 1829 ταχίστην
1161 1743 1319 1826 ἀναχαιτί-

223 1873 277 1916 σαι
299 1848 464 1927 στόλον.,ἀ
489 1851 527 1934 δή
549 1854 599 1916 καὶ
619 1857 739 1917 θᾶττον
761 1848 781 1936 ἢ
803 1847 894 1935 λόγος
914 1852 1006 1915 εἰπεῖν
1028 1847 1171 1934 ἐγεγόνει,
1207 1842 1319 1936 priori}

221 1953 303 2021 κατά
332 1956 444 2019 δοῦλον
472 1948 622 2019 δεσπότου
656 1947 848 2032 κελεόοντος,
887 1962 953 2027 τοῖς
978 1958 1035 2017 τοῦ
1060 1952 1319 2032 Καντακουζηνοῦ
1328 1956 1363 2009 15

219 2052 398 2143 γράμμασιν
411 2051 590 2133 ὖπείξαντος
611 2057 663 2119 καὶ
682 2050 868 2130 ὗπενδόντος
881 2061 937 2119 τοῦ
949 2060 1143 2141 βαρβαρικοῦ
1157 2050 1320 2139 φρονήμα-

193 2163 279 2235 Ετος
292 2159 415 2224 ἐκείνου.
434 2164 527 2223 τοῦτο
550 2157 628 2241 μίγα
645 2158 722 2240 μὲν,
756 2159 808 2221 καὶ
827 2154 951 2244 μακρόν
966 2182 1035 2223 τινα
1050 2155 1114 2242 ήκει
1129 2159 1252 2239 κομίζον
1266 2153 1334 2239 τήν

218 2260 362 2345 ἔκπληξιν
379 2269 447 2336 ταῖς
461 2265 523 2325 τῶν
536 2257 712 2326 ἀκουόντων
730 2269 858 2343 ψυχαῖς.
886 2260 919 2325 εἷ’
929 2285 976 2336 τις
990 2260 1025 2325 δ’
1043 2259 1119 2327 oriri
1135 2269 1201 2335 τοῖς
1214 2260 1322 2346 &priris

221 2369 277 2430 τοῦ
301 2361 415 2449 ἀνδρός
438 2358 515 2449 ὑπὲρ
539 2368 594 2427 τοῦ
612 2364 871 2446 Καντακουζηνοῦ
891 2363 1111 2448 πεπραγμένοις
1125 2363 1203 2448 πρὸς
1216 2363 1322 2448 φιλίαν

222 2467 362 2551 δείγμασι
374 2462 582 2552 παρεξετάζων
595 2465 692 2532 zulte
699 2515 710 2547 ,
738 2463 1001 2553 πολλοστημόριον
1018 2466 1057 2532 ἀν
1072 2467 1108 2533 τό
1123 2462 1365 2552 βραχότατονῖο

219 2566 298 2635 εἶναι
318 2570 484 2653 λογίσαιτο.
538 2566 603 2657 (Ε.)
627 2567 704 2654 Ἐγὼ
731 2569 766 2635 δὲ
786 2571 837 2634 καὶ
857 2569 936 2654 πρός
957 2569 993 2634 τό
1015 2566 1111 2634 πόλοι
1131 2575 1188 2653 τῆς
1204 2564 1322 2651 Ῥιόμης

222 2668 337 2760 κράτος
352 2673 445 2738 ίκεῖνο
461 2671 517 2738 τόν
537 2678 612 2737 νοῦν
627 2669 795 2758 ἀνήνεγκα,
822 2675 873 2751 καὶ
888 2669 1097 2757 ἀνεμνήσθην,
1126 2670 1209 2746 ὅπως
1223 2667 1322 2757 πρόσ-

198 2783 329 2865 Ῑῗταγμα
349 2770 383 2840 ’ἓν
410 2770 481 2841 τότε
499 2772 686 2858 Ῥωμαϊκόν,
723 2781 829 2842 πᾶσαν
853 2772 1108 2860 ἐκπορευόμενον
1131 2780 1188 2859 γῆν
1214 2773 1323 2837 τεκαὶ
1423 2815 1429 2823 -

223 2877 407 2961 θάλατταν,
434 2877 638 2963 κατίπληττεν
659 2878 818 2959 ἅπαντας,
845 2882 897 2945 καὶ
917 2885 962 2970 τῷ
978 2878 1037 2945 ἀίει
1049 2883 1161 2966 μικροῦ
1177 2878 1228 2942 καὶ
1243 2875 1322 2941 ἀπο-

192 3044 197 3059 ,
296 3010 339 3066 19.
363 3003 435 3076 πρὸς
451 3007 545 3078 φιλίας
559 3008 659 3078 δεῖγμα
674 3007 740 3063 eom.
757 3007 833 3062 Boin.

225 3111 275 3176 vit,
292 3111 392 3181 qualem
405 3127 454 3163 nec
469 3115 525 3166 tota
539 3115 608 3164 retro
622 3110 764 3180 antiquius
778 3109 839 3164 alibi
855 3110 900 3179 (nt
912 3110 1018 3182 opinor)
1034 3108 1156 3164 ostendit.
1185 3106 1263 3172 Quod
1276 3123 1323 3161 noa

226 3180 329 3251 quidam
343 3182 413 3233 inira
430 3198 477 3233 suo
495 3181 551 3233 loco
568 3188 687 3233 accurate
704 3179 817 3233 omnibus
833 3180 1033 3243 declarabimus,
1049 3180 1087 3232 ita
1106 3195 1222 3248 quaeque
1234 3193 1326 3230 nama-

226 3249 297 3314 turi,
320 3255 350 3301 nt
368 3266 497 3319 nunquam
514 3266 606 3303 arere
626 3248 752 3301 deflexuri
770 3249 857 3302 simus.
891 3249 971 3303 Nunc
985 3255 1083 3312 καίτοι,
1099 3249 1145 3300 ubi
1162 3248 1189 3299 io
1205 3247 1274 3316 quod
1290 3245 1325 3298 ad

226 3335 351 3391 praesens
359 3317 506 3371 institutum
518 3318 632 3387 pertinet
643 3318 677 3371 de
689 3335 721 3370 eo
732 3317 880 3383 dixerimus,
892 3319 927 3372 ad
938 3319 990 3371 ulie
1001 3318 1140 3371 veniemus.
1164 3316 1239 3385 (IV.)
1252 3316 1326 3368 bior-

225 3397 272 3443 ruo
292 3387 343 3440 iam
364 3387 532 3457 imperatore,
563 3388 683 3457 famaque
705 3387 845 3456 dispersa,
874 3388 1004 3441 cruciatos
1030 3386 1128 3440 invidia
1147 3385 1269 3455 quosdam
1290 3399 1325 3435 ex

226 3456 348 3529 palatinis
365 3457 525 3510 senatoribus
539 3456 716 3513 Contacuzeui
734 3457 915 3510 auctoritatem
927 3456 1015 3509 conari
1029 3462 1164 3518 evertere,
1180 3455 1269 3506 furore
1281 3451 1325 3503 illa

226 3527 337 3599 quodam
360 3526 490 3595 satrapioo
509 3526 673 3596 violentaque
690 3525 731 3578 ira
752 3525 866 3595 percitus
888 3527 988 3589 luerat3
1018 3525 1156 3595 statimqne
1174 3523 1326 3591 impleverat

226 3596 336 3650 maxime
354 3597 456 3648 nerium
478 3600 554 3666 copia
573 3604 674 3666 portum
693 3595 905 3663 Smyrnaeorum,
923 3594 1105 3664 quamprimum
1123 3594 1167 3660 (ut
1181 3592 1250 3658 diri)
1265 3598 1325 3642 tra-

226 3664 357 3728 iecturus,
374 3666 555 3734 Thracumque
567 3667 643 3717 urbes
657 3669 685 3716 et
697 3681 775 3734 agros
786 3663 941 3734 Byzantium
951 3680 1032 3732 nsque
1044 3663 1195 3714 afflicturus.
1222 3661 1253 3711 ld
1267 3674 1325 3711 curn

225 3734 421 3787 Gmtacusenus
435 3733 505 3786 circa
518 3734 703 3786 Chersonesum
716 3750 779 3786 casu
791 3733 950 3795 rescivisset,
965 3731 1032 3785 omni
1045 3730 1179 3800 diligentie
1191 3727 1276 3782 nisais
1288 3728 1327 3781 lo·

225 3803 295 3872 gatis
310 3801 438 3872 providit,
455 3810 485 3853 ut
497 3802 586 3855 clsaois
602 3802 671 3854 illius
689 3802 801 3871 impetus
815 3818 892 3872 quam
904 3801 1035 3855 celerrime
1049 3800 1216 3853 inhiberetur.
1247 3795 1325 3859 Quod

224 3870 330 3940 quidem
348 3870 418 3924 dicto
435 3870 512 3923 citius
531 3872 673 3939 perlectum
692 3880 742 3924 est.
782 3870 895 3924 Facilius
918 3871 982 3924 enim
1008 3886 1082 3939 quam
1106 3867 1205 3920 iubenti
1225 3865 1325 3919 domino

224 3955 331 4003 semus,
349 3938 521 3992 caniacuzeni
540 3940 662 4009 precibus
680 3939 759 3992 ceant
773 3956 805 3992 nc
819 3940 905 4010 paruit
921 3940 1070 3993 barbaricus
1084 3937 1129 3990 ille
1143 3936 1260 4005 spiritus.
1296 3933 1327 3987 ld

224 4007 328 4078 quidem
340 4024 472 4077 magnum,
490 4017 518 4062 et
530 4008 686 4062 audientium
699 4009 790 4061 animis
803 4008 939 4079 plurimum
957 4016 1042 4061 movet
1057 4005 1240 4059 admirationis.
1272 4003 1327 4056 Ve-

224 4093 282 4129 rum
296 4075 323 4128 id
338 4077 361 4128 si
377 4077 435 4145 quis
449 4077 514 4130 velit
525 4094 581 4131 eum
601 4078 660 4130 aliis
675 4079 794 4131 conferre
810 4076 903 4130 umoris
919 4076 1164 4145 significationibus,
1181 4091 1246 4144 quas
1259 4071 1327 4123 Can-

223 4150 349 4198 tscusano
361 4145 429 4198 idem
444 4153 534 4216 postea
547 4147 635 4211 dedit,
650 4147 864 4199 minimumcerte
878 4163 908 4199 ac
921 4146 1074 4198 levissimum
1088 4162 1145 4197 esse
1161 4141 1326 4196 iudicabitur.

225 4214 289 4284 (V.)
306 4215 365 4284 ligo
376 4231 439 4267 vero
458 4215 526 4269 inter
543 4217 608 4268 baec
621 4215 657 4268 ad
667 4221 782 4268 veterem
799 4216 838 4268 rai
851 4215 980 4268 Romanae
996 4214 1136 4284 potentiam
1157 4212 1266 4264 animum
1283 4226 1328 4262 ra-

225 4283 284 4349 tuli,
300 4301 332 4337 sc
346 4293 464 4355 tempora
477 4284 521 4338 illa
533 4301 588 4337 sum
602 4284 770 4349 reeordatus,
787 4285 881 4353 quibas
894 4300 969 4336 unum
980 4283 1067 4353 populi
1081 4281 1189 4334 Romani
1205 4280 1327 4338 edictum,

226 4358 302 4409 terra
314 4358 343 4409 et
354 4353 418 4409 mari
432 4353 588 4426 peragratis,
604 4353 726 4408 momales
738 4370 825 4407 ennea
843 4352 1008 4423 pcrcellebau
1026 4359 1055 4405 et
1067 4364 1151 4422 paena
1165 4348 1328 4404 namnetas
