2992 4792
447 340 810 453 ANNOTATIONES.
1088 335 1195 411 1213?

119 492 283 606 ἐδόξαμεν
302 504 367 584 τοῖς
387 506 524 609 πολλοῖς,
551 494 625 569 ῦλλιί
645 499 699 565 καί
720 493 902 583 δυ’σχρηστοι
921 497 1014 564 πλέον
1026 495 1097 585 παρ’
1112 497 1188 568 ὅσον

107 581 331 691 εῦρισκόμεθα
362 587 415 650 καί
437 584 476 668 δὴ
496 582 570 667 πρδς
589 592 654 662 τοῖς
675 583 777 658 ἄλλοις
798 582 844 661 οίς
864 584 917 649 καλ
936 589 1187 666 προσωνειδίκασι

107 668 316 776 ’ῦποκρίσει
346 674 488 754 βιοῦντας
513 671 609 752 ημᾶς,
641 667 714 735 ον’δέ
741 667 818 734 κατιί
844 676 901 750 τῆς
922 669 1010 754 οίγίας
1029 669 1122 735 ταδ’
1103 697 1186 754 αμα·

107 776 125 814 ν
143 753 251 861 ἦμοῦν
273 759 404 832 πίστεως
424 761 647 863 σνιιοφαντῆσαι
667 757 837 836 ἐφείσαντο.
858 751 906 830 οίς
923 755 978 819 θεέ
996 762 1053 821 τοῦ
1068 755 1187 834 παντὸς,

107 835 175 903 λων
199 838 300 917 εἰς
268 866 302 907 το
326 839 442 921 πλοίνης
461 842 513 905 καλ
540 837 680 922 οίσεβείας
705 837 833 924 βροτους
859 836 1123 946 ἐκλυτροίσασθαι,
1154 844 1188 907 ἐν

107 922 282 1031 ικαιοσῦνη
313 947 367 991 σου
395 923 624 1033 οἷντιμέτρησον·
655 925 751 1007 καλή
771 927 912 1032 ῥομφαία
932 921 1033 990 αῦτῦν
1055 927 1188 991 ελσέλθοι

107 1006 152 1083 οίς
175 1014 327 1121 καρδίας
328 1005 448 1089 αῦτοίν,
471 1013 498 1076 εί
510 1008 567 1093 ἐγω
581 1011 631 1076 ἐπι
645 1008 678 1075 σί
699 1005 912 1112 ἐπεββίφην’
890 1008 953 1075 aava*
969 1008 1114 1114 γαστρός·
1135 1014 1189 1077 καλ

107 1118 149 1157 ον
172 1103 242 1170 τοῖς
263 1096 331 1178 περὶ
350 1092 402 1159 τῦν
420 1061 571 1202 Ἰάκωβον,
595 1103 659 1171 τοῖς
680 1092 839 1200 έπαροίτσις
861 1096 914 1159 καλ
933 1121 1035 1175 παντη
1056 1105 1187 1162 θεοστν

116 1183 192 1244 ·οἳ
212 1182 266 1244 καί
287 1177 427 1264 καθάπερ
449 1175 741 1288 οίπεχθανβμενοι
712 1186 755 1243 τῦ
775 1179 826 1244 ἐπί
846 1175 970 1244 πάντων
990 1187 1067 1268 θεῷ,
1089 1184 1188 1245 δικαι-

107 1287 149 1326 τι
173 1265 272 1328 ιταλ’
233 1271 331 1367 ημᾶς
356 1273 517 1330 καλεῖσθαι
544 1261 604 1330 οίπῦ
628 1244 780 1349 Χριστοῦ,
808 1265 860 1328 καί
886 1261 929 1347 μῦ
958 1245 1120 1346 ἐχουτες”
1101 1291 1186 1342 οπως

107 1372 150 1410 ον
175 1344 361 1452 οίμῦνονται,
389 1348 465 1414 κατὰ
485 1357 541 1432 τῆς
563 1353 651 1458 ίερῦς
674 1352 793 1417 ἐκείνου
813 1354 1001 1458 θεανδρικῆς
1021 1351 1073 1413 καλ
1094 1371 1187 1434 προσ,-

107 1438 167 1512 τῆς
192 1429 321 1512 είκὸνος,
331 1440 398 1541 τῆς
416 1434 593 1541 ἐρημώσεως
614 1461 651 1499 τα
644 1431 925 1540 βδτλῦγματα,ὠ“
945 1441 1007 1499 τῦν
1028 1437 1110 1518 ἐμῶν
1132 1461 1185 1500 κα-
1262 1439 1264 1441 ’

111 1524 280 1625 λυττῆσαι
300 1515 359 1585 οῦκ
377 1522 514 1604 ἐφριξαν,
536 1519 610 1623 πρὸς
631 1519 665 1585 δέ
685 1522 737 1585 καί
759 1524 813 1601 τῆς
833 1515 1045 1622 παναχροίντον
1066 1523 1185 1586 δεσποί-

107 1601 203 1709 ν’μιξῦν
225 1600 383 1684 θεοτόιτου,
405 1607 458 1670 παλ
472 1612 529 1672 τοῦ
541 1602 640 1671 τῦιιυυ
659 1612 715 1671 τοῦ
737 1610 826 1670 θείου
847 1607 900 1669 καλ
922 1602 1080 1712 ζωηφὸρου
1097 1626 1185 1668 σταυ

116 1682 170 1751 δι’
195 1685 250 1764 οῦς
269 1689 322 1754 καλ
344 1685 485 1773 ῦνείθεμα
506 1696 601 1755 πᾶσιν
622 1718 641 1755 α
643 1693 783 1774 ίρετικοῑς
803 1687 943 1771 έκβοῦ’
922 1716 981 1756 απο
1004 1695 1083 1753 θεοῦ
1103 1715 1186 1755 παν·
1191 1724 1193 1727 v

107 1798 235 1858 ιτορος,
255 1775 308 1839 καί
328 1771 637 1884 χριστιανοκατημόρῳ
658 1776 766 1853 παντί,
787 1780 832 1860 τῷ
853 1801 894 1857 μη
884 1771 1077 1856 α’ξιοχρέως
1100 1799 1185 1881 μετα.

107 1883 191 1923 ιντι.
219 1857 270 1924 διαί
291 1865 386 1924 ταῦτα
406 1862 459 1925 καί
479 1866 534 1943 τῆς
548 1861 634 1942 ῦμιῦν
657 1863 713 1940 (ita
729 1822 899 1941 le'gen‘dum,
913 1883 973 1922 non
981 1856 1092 1966 9999
1107 1858 1185 1969 5999-
1192 1898 1195 1903 >

131 1943 266 2049 δέομαι,
294 1942 338 2026 μή
365 1943 444 2028 πρῦς
470 1944 657 2054 ἐμποδισμῦν
678 1947 822 2051 ἐνστῆναί
841 1968 929 2023 τινα,
951 1940 989 2010 δι’
1011 1968 1105 2010 αντον
1129 1970 1184 2010 τον

107 2024 186 2092 τόν·
211 2025 259 2094 ίίτι
271 2028 354 2135 μηδέ
376 2028 504 2095 δυνατὸν
527 2029 598 2096 τ’ίλλο
621 2056 651 2094 τι
672 2036 824 2114 φρονῆσαι
847 2025 962 2114 οίποίρτι
981 2029 1078 2136 ἡμας,
1107 2031 1138 2093 εί
1154 2055 1184 2094 τι

107 2111 289 2179 ένοιτο·”
270 2140 317 2179 οτι
337 2112 449 2181 καλ’
405 2141 488 2224 799oe
509 2117 560 2180 καλ
581 2111 728 2205 οἷσθενεία
754 2122 1020 2221 ταλαιπωροῦντες,
1040 2116 1097 2179 ουδ
1069 2110 1183 2179 ’δέναί-

107 2197 225 2286 ’ῦρᾷν
245 2200 360 2306 ἔχομεν.
393 2198 468 2264 τίλλιί
488 2197 609 2285 πρόσιτε
629 2181 719 2278 οίξιῦ
725 2208 771 2290 τῷ
789 2201 865 2304 οίγίω
880 2225 949 2282 μου
971 2197 1181 2284 αῦτοκριίτορι,

107 2289 252 2367 ιωπῆσαι
273 2280 415 2350 κιίκεῖνον
434 2284 512 2369 νπέρ
534 2287 623 2368 ἐμοῦ,
655 2268 791 2351 πλέον
769 2282 914 2359 αποίντοιν
941 2290 997 2368 τῆς
1023 2287 1182 2367 ἐκκλησίας

107 2368 264 2453 μέριμναν
283 2371 446 2451 τρέφοντι,
457 2380 629 2475 συγκροτεῖν
650 2372 834 2449 ἐξαιτοῦντες
854 2396 906 2434 και
895 2370 1127 2474 σνντρέχειν’
1104 2378 1181 2477 νμῖν

107 2455 195 2532 αντλ,
216 2455 269 2519 καί
289 2461 402 2537 μᾶλλον
424 2456 467 2531 είς
487 2453 644 2564 ἐρεῦνιρς
632 2463 839 2540 πνευματικῆς
860 2451 1059 2539 οίναζήτησιν·
1082 2454 1123 2530 οίς
1139 2452 1179 2519 ῦν

107 2568 116 2603 τ
107 2537 256 2626 ρμόδιον
282 2549 348 2616 ταῖς
374 2540 530 2623 ὑμετέραις
558 2550 658 2623 ευχαῖς
685 2544 877 2624 καταπέμψαι
900 2548 941 2628 τῇ
965 2545 1080 2626 ποίμνη
1104 2546 1179 2617 Χρι-

117 2567 184 2701 ρείς
205 2625 365 2727 ἐπίσκεψιν
385 2624 490 2733 ίερέοιυ
510 2627 564 2690 καλ
592 2624 798 2729 μοναζόντοιν,
826 2627 879 2690 καὶ
903 2606 982 2689 λαοῦ
1003 2620 1181 2705 Χριστωνῦ·

107 2716 169 2776 τοῦ
189 2704 372 2793 σῦμπανιος
397 2709 471 2793 πρδς
493 2711 527 2775 δέ
547 2708 681 2786 τούτοις,
711 2707 831 2774 έπέί
796 2735 850 2774 τον
871 2711 905 2773 έν
926 2710 1006 2813 μέσω
1028 2706 1109 2809 είκές
1130 2707 1178 2772 εῦ-
1246 2771 1248 2778 ,

107 2791 216 2877 ἷμενον
237 2795 289 2861 καλ
308 2801 415 2861 λυπεῖν
433 2795 487 2858 καὶ
507 2801 670 2859 λυπεῖσθαι
690 2792 774 2878 παροί
795 2817 901 2880 τινων,
931 2790 1003 2866 τοῦς
1023 2788 1173 2895 λνπιξσαν-
1208 2844 1214 2849 ,

107 2875 344 2987 ὁπωσδήποτε,
353 2880 407 2945 καλ
432 2877 505 2956 τοῦς
523 2880 575 2986 ῦφ
580 2875 701 2963 ’ἡμῶν
727 2865 848 2960 λντιηθέ
848 2902 933 2955 ντας,
967 2873 1179 2985 συγχωρήσεως

107 2987 151 3032 σει
176 2974 249 3046 (pro
268 2960 419 3043 οίξιοίσειε)
439 2965 493 3029 καί
502 2960 704 3067 οίμφοτέρους
725 2965 745 3029 τί
765 2965 815 3029 ἐπί
837 2961 872 3028 τῦ
895 2969 990 3027 σοῦσαι
1010 2959 1044 3026 τῦ
1067 2957 1177 3039 πλοίτυ.

107 3046 341 3159 φιλανθρώπως
358 3044 613 3133 παραγενόμενος,
636 3051 687 3119 καὶ
707 3056 850 3128 κρατννεῖ
869 3044 938 3133 (pro
954 3043 1176 3130 κρατῦναι)
1137 3072 1175 3111 τιι

107 3131 301 3223 ῦρθοδίξων,
324 3137 376 3199 καὶ
398 3140 560 3240 σκαιωρίας
580 3134 749 3218 περιφυλοίξ
751 3161 780 3201 οι
801 3138 946 3210 παντοίας
965 3133 1018 3196 καί
1012 3132 1175 3235 ποιμένας

107 3226 244 3305 τοίμνια,
266 3221 321 3295 ἕως
342 3216 398 3302 τὴν
419 3227 479 3324 γῆν
500 3247 516 3286 ο
507 3218 622 3303 ’ἥλιος
641 3221 750 3322 99999,
771 3222 943 3322 πρεσβείαις
963 3213 1111 3323 είλήκτοις
1120 3223 1175 3299 τῆς

107 3306 198 3390 ἥλιον
218 3312 272 3385 τῆς
301 3303 498 3387 δικαιοσύνης
528 3300 751 3386 σωματωσοίσης
772 3302 856 3369 θεόν
903 3311 973 3377 Τοῖς
1003 3297 1176 3385 ἱερωτάτοις

107 3399 203 3477 ρεῦσι
221 3395 308 3468 θεοῦ,
329 3416 382 3455 και
401 3399 465 3467 τοῖς
483 3388 687 3467 ἐνδοξοτάτοις
708 3397 771 3464 τοῖς
791 3395 847 3469 τῆς
868 3384 1034 3489 συςκλήτου
1051 3390 1174 3470 βουλῆς,

107 3488 166 3554 οῖς
190 3472 391 3559 ἐντιμοτάτοις
410 3483 467 3542 τοῦ
487 3472 601 3560 κλήρου
630 3478 743 3559 ίερεῦσι
770 3476 822 3538 καλ
849 3470 1027 3556 μονάζουσι,
1056 3480 1120 3547 τοῖς
1142 3496 1175 3536 τε

107 3562 278 3673 ιευομένοις
310 3562 361 3625 καί
389 3570 454 3637 τοῖς
479 3566 535 3640 τῆς
554 3565 720 3639 πολιτείας,
750 3561 906 3634 πλουσίοις
925 3582 957 3622 τε
976 3558 1029 3621 καί
1049 3555 1174 3639 πενομέ-
1261 3626 1263 3628 ,

127 3675 186 3714 και
207 3642 334 3729 ῦνδριίσι
354 3648 407 3712 ιιαλ
427 3647 563 3731 γυναιξί,
588 3652 665 3710 πῦσι
686 3649 832 3755 διηνεκως
852 3651 1047 3752 χορηγεισθαι
1066 3640 1100 3707 τί
1117 3648 1173 3707 τοῦ

133 3731 301 3814 ἐπεύχομαι
328 3733 424 3806 έλεος·
464 3728 526 3796 εἶτα
554 3732 607 3796 καί
634 3738 727 3797 πᾶσιν
756 3727 920 3813 α’ντιβολῦ,
950 3726 993 3810 99
1021 3727 1062 3803 οίς
1090 3728 1174 3809 ἔτυχε

107 3825 307 3921 ταλαιπωρεῖν
327 3842 497 3893 ιιοπιωντας
515 3823 556 3903 τῇ
575 3817 609 3882 ἐν
629 3809 651 3903 9
669 3822 875 3921 παροικοῦμτν
890 3816 1019 3899 ἐσχατιᾷ,
1040 3819 1095 3895 τῆς
1113 3820 1173 3877 Σα

123 3909 208 3969 θεοῦ
228 3899 453 4011 ἐποίνωῦρους
464 3903 612 3983 κειμένης,
633 3880 686 3965 καί
705 3895 983 4010 19299909999199
998 3896 1173 3983 (merm-

107 3993 262 4070 ρωτνσμοῦ
283 3985 357 4071 πρὸς
378 3984 475 4092 991911
494 3989 715 4096 ἐπιτρέχοντας·
738 3984 824 4092 πλὴν
834 3984 972 4064 καλῦμῖν
994 3983 1066 4065 (non
1062 3983 1171 4090 ἡμῖν)

107 4078 262 4178 ιετρηθείη
292 4072 365 4156 πρὸς
393 4079 451 4139 τοῦ
468 4078 524 4152 τῆς
552 4071 672 4181 οίγαπης
696 4078 775 4143 θεοῦ
806 4068 880 4135 οσον
906 4069 957 4133 καί
985 4064 1071 4134 διΗ
1051 4096 1070 4133 α
1071 4093 1172 4154 γαπηυ

107 4158 243 4239 τιάιιατε,
265 4157 362 4222 καλ’
339 4185 359 4263 9
381 4153 564 4264 οίντῦμειψις
585 4155 777 4261 οίμφοτέροις
786 4156 1001 4261 δαψιλευθείη·
1035 4097 1100 4219 ἐπελ
1119 4152 1173 4216 καλ

107 4252 181 4334 ,τῷ
200 4243 312 4353 περὶ
291 4251 371 4325 υμᾶς
393 4238 493 4307 οἷλῦτοί
501 4238 716 4354 σιξνδοιίμενοι
736 4238 846 4350 πόθῳ,
867 4234 923 4321 ⁰92
946 4240 988 4315 οίς
1008 4240 1090 4319 ἔτυχε
1113 4240 1172 4301 διε·

107 4357 182 4415 αμεν
199 4328 311 4409 αῦτους
331 4309 510 4413 (αῦτοῦς)’
489 4327 550 4429 αφ’
573 4329 668 4413 ῦμῦν.
693 4322 761 4395 ἄλλ’
783 4323 827 4403 ῦς
846 4349 907 4393 που
924 4351 942 4393 ο
931 4317 1172 4410 ’μεναλοφιινδ

1142 4450 1172 4501 ἡ
