2992 4792
243 335 319 409 690
373 352 376 367 ²
561 336 796 411 NICEPHOBI
816 340 1059 410 GREGORAE
1120 358 1127 385 ‘·

81 514 109 565 A·
121 501 320 587 Ms6852ormc
334 505 373 575 dv
387 513 523 600 συνορᾷν
540 502 673 595 γένηται,
700 510 752 573 καλ
768 507 823 573 τὸν
836 503 961 593 χρόνον,
985 503 1089 594 ὥσπερ
1104 502 1137 572 ἔκ
1150 500 1352 586 ταύταμιίτοο

125 585 164 635 ”i
175 584 355 703 12Εσαςοῶς
374 615 417 688 εἷς
436 619 531 677 τοῦτο
555 608 766 677 συνελάσαντα
787 607 883 695 τύχης
904 611 946 676 τὰ
967 609 1152 699 πράγματα,
1186 612 1354 692 μονονουχὶ

246 711 506 799 συλλαμβάνοντά
527 737 592 791 πως
616 711 689 799 ἡμῖν
714 714 766 780 καλ
794 711 880 797 μάλα
904 712 998 779 ε’ύοόα
1021 718 1283 800 προκαθιστῶντα
1296 719 1356 794 τῆς

243 818 372 904 μελέτης
383 814 472 903 ἡμῶν
486 820 618 903 ταυτησὶ
636 818 675 883 τὰ
693 818 849 905 προοίμια.
876 814 897 900 ἢ
912 813 1064 905 φρασάτω
1085 841 1133 892 τις
1148 817 1215 897 ἐμοὶ
1237 821 1355 899 παρελ-

244 921 315 989 θάιν
323 970 335 1003 ,
362 931 450 998 ποῖος
460 917 575 1009 χρόνος
587 918 663 987 aldes
675 923 717 998 εἷς
733 919 830 986 ταύτό
847 917 1009 1007 ἀμφύτερα
1025 918 1262 1002 συνενεχθέντα,
1288 925 1379 998 flia-5

246 1027 361 1092 σιλείαν
382 1021 448 1109 ἅμα
462 1027 526 1090 ’καὶ
548 1025 725 1108 ἐκκλησίαν·
753 1025 804 1088 καὶ
827 1022 1019 1110 πατριάρχην
1041 1021 1107 1106 άμα
1132 1023 1183 1085 καλ
1211 1027 1267 1086 τοῦ
1290 1027 1359 1084 τῶν
1415 1066 1417 1071 ·

216 1129 404 1213 qupoolmc
419 1127 589 1213 κηόσμένου
609 1122 799 1215 πραγμάτων
819 1128 971 1210 βασιλέως
991 1123 1185 1213 χηρεύουσαν
1206 1126 1359 1207 βασιλίδα

246 1233 325 1319 πρός
345 1228 380 1297 ‘lv
403 1233 454 1297 καὶ
473 1230 569 1297 ταύτὸ
590 1232 720 1309 ξυνιέναι
744 1236 847 1306 καλῶς
866 1231 1046 1315 ἐνδιαίτημα
1053 1277 1065 1310 ,
1099 1230 1151 1293 καλ
1174 1224 1259 1292 οίκον
1283 1228 1359 1291 δυσὶ

247 1336 303 1401 τὸν
325 1334 420 1401 αύτὸν
442 1336 474 1399 έν
495 1334 599 1423 τούτῷ
620 1335 857 1413 καθίστασθαι,
884 1334 920 1399 τό
933 1332 1094 1416 βασιλικόν
1107 1327 1275 1397 παλάτιον·
1301 1330 1359 1394 καὶ

246 1437 302 1503 τόν
315 1438 372 1521 μένΙ
386 1433 552 1517 ἀποσώζειν
567 1434 668 1503 εἰκόνα
682 1443 804 1522 ψυχῆς,
831 1437 889 1521 τὴν
904 1438 938 1502 δὲ
956 1434 1118 1519 σώματος·
1145 1436 1196 1499 καὶ
1217 1432 1272 1498 τόν
1296 1433 1359 1514 μέν
1368 1450 1401 1503 ιο

248 1540 317 1606 ἀντὶ
331 1542 388 1624 μὲν
402 1541 554 1624 βασιλέως
575 1551 642 1617 τοῖς
660 1537 818 1627 πράγμασι
839 1543 979 1625 γίνεσθαι
993 1550 1059 1616 τοῖς
1075 1544 1258 1614 πολιτικοῖς,
1286 1536 1360 1600 cirri

248 1644 284 1709 di
306 1645 425 1732 πατρός
445 1650 490 1732 τῷ
510 1640 628 1728 ταύτης
652 1641 780 1732 ὀρφανῷ
807 1645 894 1708 nardi
919 1649 962 1732 τῷ
989 1642 1047 1730 νέῳ
1068 1647 1193 1724 βασιλεῖ
1199 1660 1207 1676 ·
1240 1638 1298 1723 τὴν
1317 1638 1358 1703 δ’

247 1743 378 1812 ύπείκειν
392 1746 451 1813 ὅσα
466 1749 517 1811 καὶ
532 1743 657 1831 ἡγεμόνι
670 1754 797 1835 χρηστῷ
824 1749 873 1810 καὶ
893 1744 979 1834 μόνῳ
1001 1744 1158 1832 δυναμένῳ
1180 1740 1283 1823 σώζειν
1296 1740 1359 1825 τὴν

152 1844 243 1906 Ρ·437
252 1848 350 1936 ἀρχὴν
367 1848 517 1937 ἀσφαλῶς
523 1898 534 1930 ,
561 1848 620 1914 ὅσα
635 1851 687 1914 καλ
701 1847 907 1934 κυβερνήτης,
925 1846 1069 1933 καθάπερ
1087 1844 1361 1929 ὃλκάδαπλημμε-

251 1958 314 2028 λῶς
328 1951 382 2038 ἐφ’
397 1949 505 2038 ύχραῖς
518 1953 782 2036 ταλαντευομένην
796 1949 960 2035 θαλάττης
976 1948 1130 2036 ἀγκάλαις.
1166 1951 1192 2014 εί
1205 1950 1403 2019 dicationis

250 2058 324 2142 τῇόε
347 2055 405 2138 έχει
431 2058 481 2120 καὶ
503 2055 593 2120 ούύὲν
610 2052 770 2142 ύποτρίχει
790 2057 907 2135 ψεῦδος
928 2053 968 2118 τά
993 2053 1155 2138 εἰρημένα,
1183 2054 1217 2117 τί
1243 2047 1360 2117 κωλύει

251 2160 303 2247 καλ
327 2154 525 2241 παρασήμοις
542 2160 597 2222 καί
610 2182 670 2221 τισι
696 2158 869 2240 τεκμηρίοις
889 2161 1060 2238 βασιλικοῖς
1075 2158 1213 2231 σκιωδῶς
1223 2179 1289 2229 πως
1305 2178 1360 2217 κε-

247 2266 389 2345 χρῆσθαι
405 2261 483 2345 πρὸς
496 2260 553 2343 τὴν
568 2268 630 2325 τῶν
645 2256 744 2335 οὕτως
758 2259 889 2342 ἀληθῶν
903 2261 1071 2347 βεβαίωσιν
1077 2259 1118 2344 ,·”
1159 2256 1231 2347 (Δ.)
1261 2256 1359 2322 Ούτω

222 2364 307 2447 Βμέν
322 2355 377 2429 σύν
393 2365 559 2447 εἶρωνικοΐς
570 2368 689 2444 μᾶλλον
705 2360 724 2446 ἢ
744 2359 942 2448 χοητεύουσιν
959 2362 1061 2439 άλλως
1082 2359 1287 2446 ύπερχόμενος
1300 2357 1360 2425 λό-

247 2490 314 2551 χοις
338 2464 446 2531 καὶτὸ
468 2464 643 2549 παθητικόν
671 2471 729 2549 τῆς
751 2470 807 2530 τοῦ
835 2463 1027 2552 πατριάρχου
1046 2463 1198 2531 θωπεύων
1216 2470 1322 2548 ψυχῆς
1336 2459 1402 2530 520

205 2642 207 2650 ¹
242 2565 433 2645 Ἀπόκαυκος
458 2566 556 2633 τάλλα
575 2569 633 2651 μὲν
664 2566 805 2650 άσμένως
832 2566 1053 2655 προσήκασθαι
1074 2570 1233 2633 inuasisset·
1259 2567 1296 2632 τό
1319 2568 1360 2631 δέ

247 2678 310 2738 τῶν
340 2672 484 2759 ίρυθρῶν
508 2670 639 2737 πεδίλων
663 2677 718 2737 νύν
744 2670 802 2755 μέν
824 2669 935 2756 ἣκιστα
958 2671 1011 2737 διὰ
1031 2670 1067 2737 τό
1091 2677 1149 2754 τῆς
1175 2666 1359 2754 καινότητος

248 2771 388 2864 θράσος·
410 2779 589 2862 χωροῦντος
607 2774 641 2839 δ’
660 2772 721 2859 ὀψέ
734 2780 791 2840 τού
802 2772 940 2863 χρόνου,
968 2773 1020 2839 διὰ
1034 2772 1088 2840 τόν
1104 2781 1167 2839 τῶν
1182 2776 1270 2839 ιλυοΐν
1282 2775 1358 2839 ἐθι-

317 2921 343 2975 1.
360 2915 391 2976 ἐκ
407 2919 483 2973 Bois.
500 2936 548 2989 pro
566 2916 603 2985 ἐξ.
653 2921 679 2976 5.
698 2920 739 2984 εἰς
754 2916 840 2976 ταύτό
859 2919 936 2974 Bois.
953 2938 1002 2991 pro
1018 2920 1058 2985 είς
1070 2916 1157 2975 τοῦτ’.
1208 2920 1250 2974 19.
1267 2913 1357 2989 sinap-

314 2986 431 3059 κῦμΜε
447 3004 515 3042 corr.
531 2987 608 3042 Boiu.
628 3004 676 3060 pro
692 2985 904 3060 ύπερσχόμενος.

245 3111 341 3164 rentes.
376 3108 480 3161 Voleuti
494 3113 566 3160 certe
581 3106 688 3161 cuilibet
700 3108 790 3163 videre
805 3116 860 3174 est,
878 3110 937 3179 ipsa
953 3109 1019 3163 baec
1036 3113 1169 3178 tempora,
1185 3106 1264 3161 rebus
1276 3108 1356 3178 quasi

246 3184 339 3261 sponte
352 3177 379 3230 in
392 3194 449 3230 eum
464 3184 557 3230 statum
569 3176 696 3241 deductis,
710 3179 841 3233 nobiscum
852 3196 933 3247 paene
946 3179 1130 3247 quodammodo
1145 3180 1303 3248 conspirare,
1320 3196 1356 3231 ac

244 3263 313 3301 uram
329 3246 362 3300 ad
375 3264 486 3316 eaquae
504 3245 653 3299 meditamur
667 3246 811 3301 facillimam
825 3249 895 3300 velut
909 3254 1033 3300 sternere.
1066 3248 1114 3299 Sin
1128 3249 1224 3310 minus,
1243 3247 1356 3315 prodeat

245 3316 340 3386 uliquis
352 3315 494 3386 doceatque
510 3333 570 3380 nos,
588 3316 744 3385 ecquodnam
758 3326 858 3386 tempus
873 3318 938 3370 haec
952 3318 1002 3369 duo
1017 3318 1044 3369 in
1059 3334 1135 3369 unum
1148 3317 1294 3369 coalescere
1309 3316 1355 3368 vi-

245 3384 330 3449 derit,
347 3385 482 3454 imperium
498 3391 525 3438 et
540 3384 690 3438 ecclesiam:
707 3386 880 3456 patriarcham
894 3399 979 3439 autem
992 3394 1019 3438 et
1032 3385 1220 3455 imperatricem
1235 3386 1355 3438 orbatam

245 3455 368 3522 coniuge,
386 3468 466 3524 aquo
485 3453 645 3524 reipublicae
666 3466 730 3509 cura
751 3454 938 3519 sustineretur,
961 3455 1027 3507 bene
1043 3455 1071 3507 io
1092 3472 1168 3506 unum
1186 3464 1265 3523 atquo
1283 3455 1354 3508 idem

244 3521 382 3593 hospitium
397 3522 547 3587 conuenire,
565 3522 721 3592 eandemque
735 3524 838 3594 utrique
854 3524 952 3576 domum
970 3523 1058 3576 eodem
1074 3533 1190 3591 tempore
1204 3541 1276 3587 esse,
1298 3540 1353 3593 pa-

245 3591 333 3646 latium
348 3591 553 3661 imperatoriumt
569 3600 650 3661 atqua
664 3591 733 3645 illum
747 3594 962 3663 quidem¹animae
976 3593 1059 3646 instar
1077 3593 1187 3656 λούσης
1206 3594 1270 3645 hauc
1286 3610 1352 3646 vero

244 3661 464 3783 tlr't’lldllll
478 3659 1020 3785 lulitldltlltltttlltllt
1028 3662 1353 3783 ’esslfl‘lltlfftt‘

243 3815 284 3852 mo
302 3800 414 3862 rectori,
431 3768 599 3868 ac’tanquam
613 3747 654 3864 aiz
672 3800 717 3868 qui
729 3768 799 3852 stilus
813 3800 897 3870 possit
913 3749 1044 3870 imperiurpn
1058 3769 1127 3851 haud
1144 3750 1221 3852 dubie
1234 3748 1351 3864 sendra,

243 3873 273 3919 nt
283 3867 368 3922 navim
381 3868 538 3938 guberuator
552 3868 578 3920 in
595 3866 697 3920 humido
712 3869 789 3922 maris
802 3870 901 3938 gremio
915 3876 1011 3922 temera
1024 3870 1197 3921 fluctuantem.
1233 3869 1351 3932 Quodsi

242 3935 309 3990 llaec
322 3937 361 3989 ita
372 3955 401 3990 so
414 3938 518 4002 habent,
529 3954 576 3991 nec
587 3935 746 3990 mendacium
759 3938 837 3991 ullum
850 3939 877 3990 in
888 3939 1028 3991 orationem
1040 3955 1118 3991 meam
1132 3938 1247 4006 irrepsit,
1258 3937 1351 4008 quidni

243 4012 273 4057 et
288 4004 400 4073 insignia
415 4013 442 4059 ct
458 4006 567 4077 aliquam
585 4005 766 4076 imperatorius
784 4007 922 4075 dignitatis
938 4016 1024 4059 notam
1043 4024 1153 4076 usurpas
1169 4007 1350 4076 quoquomodo

242 4073 433 4139 adumbratum,
451 4076 485 4130 ad
503 4074 623 4129 scutulis
644 4081 733 4129 tantm
752 4076 1011 4130 confirmationem‘l”
1047 4077 1121 4144 (lV.)
1139 4077 1183 4128 Sic
1197 4078 1350 4145 Apocaucus

242 4141 368 4216 homiuem
382 4143 459 4196 dictis
471 4161 610 4214 aggressus
623 4144 728 4198 ironicis
744 4145 827 4213 magis
839 4162 914 4213 quam
928 4145 1024 4215 alioqui
1035 4145 1178 4208 fallacibus,
1195 4153 1223 4196 ct
1236 4146 1350 4214 patriar-

241 4211 307 4265 chao
319 4212 443 4277 animum,
460 4231 511 4282 qua
523 4213 621 4267 moveri
633 4219 752 4284 poterat,
769 4213 862 4266 blundo
876 4212 1008 4279 alliciens,
1026 4223 1057 4268 ut
1068 4215 1113 4266 illa
1126 4214 1228 4285 quidem
1240 4214 1291 4266 ulia
1306 4216 1351 4266 la-

241 4279 293 4334 cilo
310 4280 457 4335 admitteret
475 4281 619 4351 persuasit3
644 4299 694 4334 non
710 4291 803 4347 autom,
816 4289 847 4335 ut
862 4284 956 4336 rubros
970 4300 1071 4367 quoquo
1090 4285 1206 4346 calceos3
1224 4300 1291 4353 quos
1304 4282 1350 4334 illo

241 4350 348 4421 negavit
361 4368 392 4405 sa
403 4358 568 4422 acceptarum
581 4350 609 4404 in
628 4352 759 4423 praecauti
775 4359 882 4422 proptor
902 4368 985 4405 novas
998 4369 1038 4406 rer
1051 4352 1227 4408 insolentiamz
1244 4359 1274 4405 at
1284 4368 1350 4422 pro·
