2992 4792
367 353 603 426 msromnn
623 337 902 424 emanantia
917 353 1005 422 εσυ.
1018 303 1049 427 a
1150 347 1252 421 ιοοο

154 516 249 608 μόνον
261 522 295 587 ἓν
306 525 362 604 τῆς
374 514 595 604 πολυγλώσσου
607 523 745 606 κραυγῆς
757 519 870 605 ίκιίνης
883 523 934 585 καλ
950 517 1110 608 τρικυμίας
1126 524 1177 588 καλ
1190 527 1248 607 τῆς
1263 530 1292 581 a
1304 532 1334 581 c.
1346 528 1412 585 1³51

153 633 218 692 τῶν
252 623 421 709 λεγομίνων
451 622 621 704 ἀκοσμίας·
662 620 742 688 ἀλλά
770 619 862 689 καλό
886 628 950 690 τῶν
973 630 1085 710 χειρῶν
1113 601 1413 722 udrayoefflgffll·

152 728 280 795 πλείυνα
295 725 351 793 τόν
365 722 506 812 θόρυβον
528 724 652 791 ίνεποίει
672 731 717 815 τῷ
737 727 904 814 συνεδρίῳ,
930 725 969 791 οῦ
988 731 1164 814 παροῦικῶς
1183 733 1277 806 πωςΟ

153 832 366 914 συνενεχθεὶς,
393 828 474 894 κατὰ
492 827 550 905 τάς
572 824 825 915 ἀπροσδοκήτους
843 824 990 906 ἐπιούσας
1013 827 1174 898 όπιόσπυτε
1195 829 1252 899 τό-

133 943 232 1018 5χας,
258 932 339 999 ἀλλὰ
358 934 410 998 καλ
422 927 508 1014 μόλα
521 931 558 1016 γί
567 956 616 999 τοι
632 933 822 1016 ίξεπίεηόες·
845 932 898 997 ’ίνα
915 935 1013 1018 μηδὲν
1033 939 1096 1001 τῶν
1110 933 1251 1024 παρανό-

154 1063 223 1120 μως
236 1038 299 1103 ἐκεί
311 1036 590 1121 δογματιζομίιων,
615 1033 694 1100 κατὰ
716 1035 755 1100 τό
770 1030 952 1122 πρόσφατόν
973 1059 1007 1101 τε
1024 1039 1075 1102 καλ
1092 1035 1189 1122 ἀηθες
1211 1046 1251 1128 τῇ

155 1145 213 1206 τοῦ
231 1146 309 1206 θεοῦ
331 1141 491 1230 ἐναλησίηι,
524 1134 598 1223 ἡμῖν
615 1136 811 1223 ήκουσμίνον
830 1138 964 1224 γίνατο,
990 1140 1072 1223 μηδὲ
1088 1139 1184 1228 μικροί
1205 1168 1252 1220 τις

156 1240 329 1329 ἀπολογίας
354 1243 416 1308 ἐκεῖ
434 1241 513 1329 πρὸς
538 1237 628 1326 ήμῶν
652 1242 823 1326 τολμηθείη
845 1237 935 1328 ῥοπή.
976 1240 1061 1324 ὅμως
1080 1245 1108 1308 εἰ
1133 1246 1184 1310 καὶ
1203 1245 1280 1332 μήτ)

156 1343 283 1412 πάντων
302 1348 335 1411 ἓν
348 1341 494 1433 ἀνηρότφ
513 1341 676 1431 γεγόναμεν
696 1344 792 1432 ἀκοῇ,
821 1344 894 1410 ἀλλ’
916 1336 973 1410 οῦν
992 1345 1161 1434 ἀπίχρησε,
1188 1355 1251 1416 τῶν

115 1453 189 1536 loys
210 1443 359 1514 πλειόνων
380 1445 562 1532 ἀκηκοόυιν,
590 1444 633 1525 ὥς
654 1447 730 1532 ἔχειν
745 1446 870 1529 εἰκάζειν
886 1449 1029 1516 ἐντεῦθεν
1051 1453 1103 1516 καί
1123 1457 1186 1518 τῶν
1204 1450 1251 1539 μή

155 1557 269 1639 σαφῶς
289 1549 488 1635 ήκουσμίνων
506 1550 563 1635 τήν
584 1547 687 1637 φῦσιν.
730 1550 804 1618 ovidi
820 1550 880 1639 γὰρ
903 1549 975 1617 orid'
999 1554 1119 1621 ἐκείνων
1142 1555 1252 1633 τελίως

158 1651 309 1739 ἀνηκόους
327 1650 411 1738 ἡμᾶς
423 1653 566 1739 γενίσθυι
582 1654 807 1737 ’ξυμπίπτωκεπ
840 1654 881 1720 roi
899 1653 960 1741 γὰρ
979 1651 1180 1746 όστερόφωνα
1195 1665 1253 1744 τῆς

121 1777 123 1781 ·
159 1762 305 1842 συνεχοῦς
316 1752 454 1823 indecor
466 1755 586 1823 treisma
599 1756 711 1841 ήχοῦς,
736 1763 802 1825 τῶν
819 1756 905 1844 πίριξ
919 1763 978 1843 τῆς
995 1764 1157 1845 βασιλικῆς
1177 1760 1253 1826 ἐκεί-

158 1885 214 1946 νης
239 1862 337 1938 οίκίας
361 1860 541 1945 ἓκπηόῶντα
570 1867 713 1948 σφαιρῶν
741 1863 793 1925 καὶ
819 1857 1045 1949 ήμισφαιρίων,
1076 1865 1131 1928 καί
1160 1888 1253 1931 τινων

117 1967 253 2048 ίῦίχνιῦν
269 1968 385 2032 ἐκεῖθεν
400 1962 604 2030 insectans
622 1961 782 2048 μιμήσεις,
810 1961 1041 2051 φιλανθρώπως
1059 1968 1151 2032 είπεΐν
1169 1964 1254 2050 ἡμᾶς

158 2065 310 2146 ἐδεξιοῦτό
322 2092 356 2133 τε
370 2068 420 2133 καί
435 2065 557 2148 λξίνιζε,
583 2065 619 2132 τό
635 2063 825 2151 λυποόμενον
843 2074 901 2151 τῆς
915 2074 1019 2154 ψυχῆς
1032 2064 1121 2154 ήμῶν
1136 2066 1280 2140 οότωοὶΕ

157 2170 383 2239 romatiana·
435 2168 505 2258 (1.)
537 2171 594 2247 Ελς
614 2166 771 2255 τοσαῦτην
789 2194 823 2255 γε
843 2169 907 2255 μὴν
929 2170 965 2236 τό
989 2177 1117 2259 πρᾶγμα
1142 2175 1252 2240 κακίαν

156 2272 255 2358 ήλασε
274 2271 361 2354 τότε,
383 2273 436 2339 καὶ
450 2269 605 2356 νοσαόιην
624 2264 715 2360 εὗρον
728 2272 787 2359 τήν
806 2271 959 2359 εὐκαιρίαν
978 2277 1177 2364 βλασφημίαι
1196 2303 1253 2361 με·

157 2379 238 2455 sabi
251 2386 306 2464 τῆς
321 2372 438 2442 ἀτόπου
456 2377 508 2442 καλ
520 2374 668 2458 ἀμαθοῦς
680 2384 744 2444 τῶν
760 2373 932 2444 ἐπισκόπων
948 2378 1063 2465 ἐκείνης
1080 2375 1249 2467 φάλαγγος,

114 2476 204 2558 waic
217 2485 269 2548 καί
282 2477 382 2569 ψήφῳ
398 2485 484 2567 κοινῇ
499 2479 650 2562 βασιλίως
664 2478 731 2564 ἅμα
744 2482 797 2545 καλ
813 2475 1004 2568 πατριάρχου
1011 2530 1023 2563 ,
1045 2479 1101 2560 ξίν
1112 2507 1145 2570 γε
1158 2490 1253 2552 πᾶσιν

156 2583 279 2666 adroic,
307 2580 422 2649 όεόεόσι
442 2582 500 2668 τήν
513 2581 694 2669 ἄρχοντικήν
706 2584 847 2661 ἐξουσίαν
869 2593 936 2660 τοῖς
953 2586 1123 2667 πλείστοις,
1150 2607 1282 2675 scopo-10¹

156 2694 256 2772 θῆναι
278 2687 353 2772 μέν,
380 2681 517 2771 θεότητα
536 2686 684 2771 λέγεσθαί
699 2710 766 2762 πως
787 2688 838 2750 καὶ
854 2683 912 2769 τήν
931 2683 1057 2752 οάσίαν·
1089 2690 1201 2775 κυρίως
1219 2692 1255 2756 di

157 2788 298 2877 θεότητα
321 2788 466 2857 ίίκτιστον
480 2790 532 2855 καλ
544 2785 670 2877 σφόδρα
689 2783 842 2882 διάφορον
858 2792 919 2872 τῆς
929 2790 1021 2866 θείας
1042 2786 1151 2867 οὐσίας
1157 2839 1169 2871 ,
1197 2792 1255 2877 τήν

159 2990 330 3041 contenente.
364 2985 471 3058 Quippe
486 3002 538 3040 nou
554 2984 635 3039 solum
651 2984 695 3040 ills
711 2985 847 3040 multorum
863 2984 985 3040 diurnus
999 2987 1111 3052 clamor,
1127 2988 1255 3059 procello-

158 3072 403 3126 conqueramur,
420 3064 448 3109 et
463 3054 610 3108 inconditae
620 3054 778 3125 loquentium
794 3072 883 3120 voces,
900 3054 946 3109 aad
964 3065 991 3109 et
1007 3057 1121 3126 crepitus
1138 3074 1256 3113 manuum

156 3124 1273 3252 θλθλλλλλθλλθλλθθλλθλλλ·
1322 3201 1326 3208 v

156 3212 314 3337 queociruqos
331 3264 406 3318 ruodo
422 3262 558 3326 accidunt,
580 3232 627 3317 sed
643 3262 760 3316 consulto
777 3274 805 3317 st
821 3233 887 3322 data,
899 3282 917 3334 p
961 3281 976 3317 e
993 3281 1089 3348 opera:
1105 3283 1138 3320 ue
1154 3214 1259 3322 ionice

155 3349 246 3387 eorum
262 3336 422 3402 dogmatum,
445 3350 512 3404 quae
528 3332 581 3386 illic
597 3339 690 3385 contra
711 3331 754 3385 tas
769 3333 951 3386 statuebantur
966 3350 998 3388 ac
1014 3351 1041 3386 m
1057 3333 1189 3389 ecclesiam
1204 3337 1256 3391 Del

156 3419 229 3458 nova
244 3401 408 3523 e‘ssssigaudita¹
419 3401 624 3486 invehebantur,
641 3400 772 3523 diffidi
789 3418 866 3454 auras
882 3409 984 3522 πρότερον
1001 3403 1159 3473 perveniret,
1176 3409 1256 3476 atque

155 3477 243 3594 λλ
253 3479 662 3595 ἐυλολλθελθλλ
677 3486 762 3605 λλ,
772 3485 981 3609 irritat:
993 3476 1257 3600 λθλλλλ

155 3609 214 3662 dits
231 3618 308 3672 sunt,
331 3617 361 3662 ut
381 3625 449 3680 quae
469 3626 520 3663 non
537 3609 555 3661 li
574 3609 635 3663 aido
656 3608 830 3672 audissemus,
853 3625 942 3662 eorum
967 3609 1044 3663 etiem
1060 3627 1162 3666 mosum
1178 3615 1258 3669 facile

154 3677 219 3732 iude
233 3677 444 3732 coniectaremos.
478 3678 547 3733 Nam
563 3695 591 3731 ru
607 3677 654 3732 illa
670 3679 792 3732 cantiam
808 3678 966 3747 singolorum
978 3679 1168 3737 vociteratione
1178 3701 1258 3739 voces

154 3745 264 3801 dtimae
280 3747 451 3816 superstites,
475 3763 507 3800 ex
527 3747 716 3816 circumpositis
736 3747 898 3817 imperatorii
913 3746 984 3801 illius
1000 3749 1121 3804 domicilii
1136 3754 1257 3823 sphaeris

154 3825 189 3870 et
204 3814 261 3869 bem
304 3816 399 3869 boeriis
414 3817 585 3881 resultantes,
607 3823 635 3869 et
656 3816 814 3887 quorundam
836 3817 911 3886 quasi
933 3817 1104 3886 vestigiorum
1120 3820 1258 3892 imaginem

154 3884 231 3939 illinc
247 3901 261 3936 r
288 3892 404 3950 erentes,
426 3885 508 3940 amice
529 3893 560 3938 ut
575 3886 615 3939 ita
637 3884 719 3940 dicam
736 3903 783 3940 uos
800 3885 834 3940 arl
851 3904 881 3938 se
897 3884 1065 3941 admittebant
1081 3895 1109 3943 et
1125 3891 1198 3945 velat
1213 3893 1256 3947 in-

154 3953 348 4017 troducebant,
364 3971 447 4039 eaque
467 3954 569 4009 ratione
592 3953 781 4024 aegritudinem
797 3954 874 4009 animi
890 3956 972 4009 nostri
988 3956 1082 4011 blande
1098 3959 1256 4016 solabantur.

805 4024 813 4038 θ

153 4022 224 4091 (Χ.)
242 4022 294 4075 iles
311 4039 390 4092 porro
406 4041 464 4094 apsa
479 4024 507 4076 in
523 4030 621 4078 tantm
638 4026 723 4078 scelus
739 4031 829 4148 παρὲξ
864 4023 903 4076 ita
927 4023 996 4095 apud
1012 4025 1081 4080 illam
1097 4027 1211 4084 insanam
1228 4039 1258 4088 et

154 4091 248 4147 rudem
270 4091 419 4159 pontificum
445 4101 575 4146 catervam
597 4094 791 4176 opportunusb
830 4092 938 4162 pbemiis
954 4094 1025 4147 locas
1048 4096 1158 4166 obtigit,
1182 4104 1213 4154 ut
1228 4109 1258 4156 st

155 4161 300 4232 imperator
316 4167 344 4214 et
358 4160 525 4231 patriarcba,
543 4170 570 4214 et
586 4161 631 4227 ius,
641 4180 726 4216 omnes
738 4162 864 4234 episcopi,
880 4177 1015 4232 supremae
1028 4167 1192 4223 auctoritatis
1203 4187 1259 4224 mc·

154 4238 188 4286 tu
207 4230 338 4299 plerique,
355 4247 479 4285 commum
497 4231 603 4284 decreto
621 4232 858 4301 pronunciaveriut,
874 4230 956 4301 ipsam
970 4249 1073 4303 quoque
1088 4236 1259 4292 substantiam

156 4298 323 4352 divinitatem
339 4296 390 4353 dici
407 4299 587 4368 aliquatenus:
604 4309 633 4353 at
650 4301 755 4372 proprie
771 4300 932 4354 divinitatem
948 4300 1104 4364 increatam,
1121 4311 1148 4358 et
1166 4322 1184 4358 a
1195 4307 1259 4360 sab-

157 4365 257 4424 stsntis
273 4365 363 4423 divina
377 4369 455 4442 lange
466 4368 614 4434 diversans,
631 4360 741 4440 [κιαι-Ι]
759 4369 949 4441 operationem
966 4385 1034 4442 quse
1050 4371 1153 4442 quidem
1169 4390 1218 4444 per
1228 4392 1260 4430 ss
