2992 4792
517 282 878 360 thuortulonne.
1177 277 1278 354 1167

104 429 187 498 fol.
213 437 246 508 5.
262 439 298 505 V.
320 440 391 506 eea.
415 444 512 510 2966.
531 451 564 505 at
579 442 651 504 Cod.
672 446 768 511 2976.
789 443 900 523 quibus
916 444 1106 509 continentur
1122 444 1274 510 breviaria

110 515 342 604 ducentenos
351 548 361 604 3
383 525 459 587 Cod.
476 529 570 595 8502.
582 529 633 588 lol
648 533 676 593 7.
704 528 876 590 Dorotheus
885 530 1143 592 Menembasiensis
1156 532 1274 612 inSyn-

110 609 199 683 opst
231 609 383 672 variarum
403 612 604 674 Historiarum
624 608 702 673 edita
724 612 875 690 venetiis,
905 637 954 677 an.
979 617 1169 682 MDCXXXI.
1197 617 1272 679 hlet-

82 685 235 753 'thaeus
263 695 366 774 Cigala
394 697 428 757 in
457 697 588 759 eiusdem
620 699 786 777 argumenti
816 699 897 759 libro
928 700 1061 762 Venetiis
1089 702 1171 762 edito
1193 722 1269 765 anno

82 765 369 845 eUDcxxxvu.
392 781 561 844 Chronicen
577 782 667 844 breve
683 784 798 844 editum
811 804 850 844 cx
865 784 960 848 Codd
979 788 1080 867 Regiis
1093 787 1131 847 ab
1147 788 1270 851 Isma'e'le

168 862 300 940 llialdo,
324 878 356 928 et
371 867 520 928 Historiae
539 867 693 928 Michaelis
709 870 810 931 llucae
822 869 1027 934 subiunctum.
1058 871 1224 952 Chytraeus
1237 876 1270 935 in

82 971 108 1022 e·
140 944 349 1028 hronologis,
370 954 422 1014 ubi
436 953 473 1012 de
487 952 658 1033 Nicephoro
673 954 815 1030 Gregora.
838 956 994 1017 Caeterum
1011 958 1199 1018 verissimam
1213 980 1270 1039 pu.

85 1037 152 1096 eto
179 1035 376 1116 Acropolitae
403 1036 643 1117 chronologiam,
666 1040 718 1118 qui
740 1038 895 1102 historiam
919 1042 1042 1122 scripsit
1063 1063 1099 1102 eo
1121 1052 1268 1124 tempore,

109 1136 188 1196 quo
211 1121 323 1180 Graeci
343 1122 620 1204 Constantinopolin
640 1136 865 1203 recuperarunt.
896 1126 969 1185 Cum
994 1127 1169 1207 Acropolita
1192 1149 1269 1189 con·

82 1203 261 1285 ,sentiunt
281 1205 384 1267 Codex
400 1209 472 1287 lleg.
493 1208 585 1275 2432.
609 1209 662 1272 lol.
684 1213 735 1273 99.
747 1208 784 1272 V.
811 1220 843 1272 et
863 1211 935 1271 eod.
957 1211 1066 1278 30584.
1086 1212 1138 1270 sol.
1155 1216 1209 1278 69.
1227 1214 1265 1282 V.

82 1285 193 1352 item
216 1290 446 1352 instrumentum
471 1293 622 1374 prolatum
642 1316 660 1354 a
677 1294 828 1373 Ducangio
844 1317 881 1358 ex
902 1295 1054 1357 Thesauro
1074 1295 1264 1376 Chattorum,

82 1370 142 1461 ξεί
158 1372 194 1431 in
212 1375 296 1437 calce
308 1376 461 1440 Historias
474 1379 614 1440 Francos
621 1379 804 1460 Byzantinae
818 1381 958 1443 cumaliis
970 1383 1045 1443 actis
1058 1382 1262 1446 coniunctum.

82 1513 84 1519 ,
102 1475 233 1519 norvia.

199 1542 280 1626 Pug-
303 1546 364 1621 85,
391 1544 445 1611 24.
491 1545 531 1611 ‘H
551 1553 609 1614 cosi
636 1543 904 1635 Herrospriropoe]
934 1550 1013 1612 Vide
1034 1550 1158 1612 eandem
1178 1551 1258 1613 llist.

83 1645 136 1705 ΓΗιο.
161 1629 296 1695 xxvn.
338 1650 471 1692 coemo.
1111 1701 1116 1706 ,

86 1707 98 1776 ῗ
202 1712 280 1797 Peg.
304 1719 357 1789 86,
380 1721 413 1779 2.
460 1711 517 1778 Tdv
537 1713 569 1780 dl
589 1714 607 1780 d
625 1720 680 1794 τῆς
699 1711 836 1800 ἆὸελφῆς
856 1712 996 1800 Ἰολὲντης
1014 1723 1133 1801 πρῶτος
1149 1715 1218 1792 alde
1241 1718 1262 1784 6

82 1793 321 1881 ’“Ῥόμπερτος]
354 1799 499 1878 Georgius
522 1802 695 1883 Acropolita
718 1803 839 1863 Petrum
860 1804 1028 1881 interserit,
1050 1804 1172 1863 Henrici
1188 1823 1261 1863 suc-

82 1889 285 1954 scessorern.
329 1883 466 1944 Omissus
483 1897 667 1967 praetereas
685 1887 819 1967 Gregoro
835 1890 969 1963 Ioannes,
990 1889 1043 1968 qui
1061 1899 1132 1969 post
1146 1887 1260 1949 Rober·

82 1977 180 2044 stum
213 1971 381 2050 imperator
397 1969 464 2030 suit.
506 1971 581 2031 Vide
593 1972 755 2034 Historiam
769 1974 1038 2053 Franco-Byzant,
1079 1992 1195 2033 sorvis.

88 2061 93 2066 “
200 2052 278 2137 Peg.
301 2060 353 2130 86,
376 2061 427 2120 11.
469 2056 532 2119 Καὶ
563 2051 702 2136 σύμβολα
728 2058 901 2140 βασιλείας]
944 2057 1028 2133 Quae
1055 2057 1107 2118 illa
1136 2057 1258 2134 fuerint,

95 2148 221 2202 narrat
245 2141 421 2220 Acropolite
442 2160 505 2217 cap.
531 2140 711 2203 LXXXVII.
741 2143 816 2202 .Nos
834 2143 920 2205 etiam
946 2164 984 2205 cx
1008 2144 1061 2203 illo
1087 2154 1117 2204 et
1138 2143 1205 2201 aliis
1225 2143 1256 2201 in

96 2224 223 2285 eadem
243 2223 319 2284 Hisn
342 2244 372 2283 n.
395 2224 533 2288 xxvsst.
552 2236 582 2286 et
604 2227 687 2286 XIX.
729 2227 903 2307 Pachymer.
922 2228 974 2291 lib.
989 2228 1028 2289 Il.
1048 2247 1114 2307 cap.
1131 2227 1254 2291 XXVll.

95 2319 194 2370 extr.
210 2309 318 2369 scribit
338 2310 370 2369 in
384 2319 587 2388 argumentum
604 2320 709 2391 captes
725 2313 809 2372 urbis
823 2314 940 2374 ellstem
958 2313 1097 2374 michaeli
1115 2315 1253 2373 sorissam

93 2394 255 2454 Balduini
279 2414 475 2474 purpuream:
497 2401 622 2474 σημεῖον
641 2394 675 2459 dl
696 2391 843 2479 ἀληθείας
860 2403 923 2463 τοῖν
939 2398 1106 2483 λεγομένων
1125 2398 1251 2472 ἐκείνοις

94 2470 144 2562 ἦν
164 2480 370 2561 κοκκοβαφής
386 2472 511 2562 edessae
527 2479 715 2561 δακνομένη.
757 2503 891 2546 oncino.

194 2562 277 2646 Pog-
300 2569 422 2641 8618.
460 2562 580 2628 Ῥὲονοοι
601 2559 666 2644 d'ei
681 2559 792 2648 φήμη]
815 2566 1075 2650 Pachymerdbid.
1119 2587 1251 2627 nocane.

194 2646 278 2729 Pag.
300 2655 354 2722 86,
378 2653 427 2714 19.
470 2642 564 2710 Εὖθῦ
577 2653 633 2731 τῆς
643 2644 785 2731 Ἰταλίας]
807 2652 870 2713 lmo
886 2663 969 2713 recta
988 2654 1020 2712 in
1035 2650 1185 2714 Euboeam
1200 2651 1250 2709 in·

101 2735 208 2794 sulam
237 2734 393 2794 contendit
419 2732 602 2806 halduinus,
630 2751 700 2794 cum
724 2735 827 2794 Marco
854 2737 1040 2813 Gradenigo,
1071 2736 1250 2795 Pantaleone

100 2820 279 2880 Iustiniano
312 2816 484 2900 patriarcha
516 2819 862 2901 Constantinopolitano,
893 2832 924 2881 et
946 2819 1153 2901 compluribus
1173 2819 1249 2894 eliis,

103 2924 244 2985 qnorum
267 2904 420 2984 plerique,
442 2912 600 2983 antequam
622 2903 749 2964 insulam
768 2906 963 2983 attingerent,
985 2907 1063 2965 sesne
1086 2903 1247 2983 perierunt,

101 3001 140 3050 nt
157 3000 269 3051 narrat
294 2987 457 3050 blesiachns
475 2989 644 3048 Paduanus.
685 2989 852 3049 balduinus
871 3012 942 3052 vero
964 3001 994 3051 et
1010 2989 1120 3050 caetori
1135 2989 1171 3047 ab
1186 2990 1247 3049 Eu·

103 3077 202 3136 boesa
225 3075 416 3156 principibus
438 3083 502 3133 eta
528 3075 688 3135 Laurentio
708 3076 834 3156 Tiepolo
859 3077 1043 3143 Venetorum
1058 3074 1166 3136 Bainlo
1187 3071 1245 3135 liu-

105 3161 241 3222 maniter
254 3160 374 3239 excepti
388 3168 470 3222 sunt.
511 3180 643 3220 nocane.
1343 3235 1345 3240 ,

194 3244 275 3326 Peg.
296 3251 350 3321 87,
375 3247 422 3310 13.
469 3249 518 3329 Τῷ
529 3247 587 3328 alpi
603 3240 784 3330 Ἀνδρονίκῳ
804 3248 847 3327 τῷ
863 3244 922 3330 νέῳ
943 3247 1074 3327 βασιλεῖ,
1101 3239 1243 3327 δεύτερον

108 3331 175 3407 tene
187 3329 295 3414 ἄγοντι
305 3334 361 3411 τῆς
374 3328 511 3410 ἡλικίας]
533 3331 612 3390 Hinc
628 3331 781 3408 colligitur
792 3332 997 3391 Andronicum
1011 3331 1159 3390 seniorem
1176 3328 1244 3409 (qui

108 3416 259 3478 hocloco
278 3415 345 3489 aloc
367 3424 510 3493 vocatur)
540 3436 600 3475 non
618 3416 730 3476 risisse
752 3437 844 3477 annos
862 3415 1035 3494 1.xxtV.*J
1056 3415 1109 3475 sed
1126 3424 1240 3474 tanturn

110 3501 247 3562 LXXlll.
272 3500 328 3561 nisi
350 3501 499 3576 Gregoros
521 3500 774 3581 constantinopli
791 3502 912 3561 Graecis
929 3510 1135 3580 recuperatam
1151 3508 1244 3590 ponat

113 3608 159 3646 an.
179 3587 283 3648 Mundi
299 3587 346 3649 Vl
365 3586 604 3646 nnccnxvllt.
633 3587 708 3645 Nam
723 3587 760 3646 ab
775 3608 821 3649 an.
838 3587 889 3647 vl.
907 3586 1114 3646 MDCCLXlX.
1134 3601 1244 3643 exerm-

114 3681 154 3745 te,
174 3694 235 3752 qno
246 3680 451 3751 recuperatam
464 3672 573 3732 Urbem
581 3671 859 3752 ponitdcrepolita,
881 3671 919 3733 ad
931 3670 1034 3734 an.Vl.
1046 3669 1238 3733 nncccxt.

114 3757 279 3828 ineuntem,
302 3778 362 3836 qno
383 3756 588 3817 Andronicum
604 3766 719 3818 constet
736 3758 865 3834 obiisse,
888 3756 957 3818 anni
971 3766 1167 3816 numerantur
1183 3775 1244 3813 non

117 3843 168 3901 teti
187 3844 292 3903 LXXI.
317 3841 425 3920 quibus
451 3844 478 3902 si
499 3842 586 3923 pueri
601 3842 708 3902 bimuli
727 3853 853 3904 aetatem
869 3863 922 3902 seu
937 3842 1013 3902 duos
1027 3861 1121 3902 annos
1139 3839 1242 3912 addas,

115 3927 302 3989 conbentan.
318 3926 453 3986 Lxxtn.
471 3949 529 3988 non
550 3927 614 3987 toti.
658 3931 757 4006 Atque
780 3927 840 3988 hoc
859 3937 920 4003 est,
943 3927 1026 4006 quod
1046 3945 1137 4006 snpra
1161 3924 1245 3984 ‹lice-

112 4010 233 4093 bomus,
257 4015 423 4091 Gregoram
443 4022 604 4094 sequutum
618 4032 684 4075 esso
702 4014 829 4075 lortasse
845 4013 1017 4095 opinionem
1035 4031 1139 4075 eorum
1156 4010 1245 4072 clero-

141 4190 174 4257 'l
195 4199 265 4263 Quot
283 4196 384 4252 statne
403 4215 462 4253 eun
482 4197 619 4269 Gregom
637 4198 676 4255 sit
692 4198 739 4257 ne.
759 4197 792 4254 v.
813 4216 871 4273 esp.
891 4200 926 4258 V.
947 4205 1011 4256 eset
1026 4202 1054 4259 9.
1071 4197 1131 4253 nea
1145 4193 1191 4249 tto.
1209 4192 1245 4247 x.

198 4286 252 4340 cap·
268 4266 290 4324 l.
307 4278 372 4324 sect.
389 4267 415 4324 l.
450 4283 553 4324 actvm.
871 4331 873 4338 y
