2992 4792
243 305 323 418 τοι
431 401 435 410 p
546 313 784 386 nicaenum
804 314 1048 388 unaconsa

79 497 109 548 a
118 493 152 544 n
164 493 234 550 6865
244 477 398 572 κεκόφθαι
410 481 462 550 καί
477 479 659 570 ἀφωρίσθαι
671 485 730 565 τῆς
742 485 806 548 τῶν
816 483 1015 567 Χριστιανῶν
1028 480 1189 559 κοινωνίας
1200 480 1278 570 spic
1294 487 1350 551 ταῶ

111 564 210 621 Μ
244 582 547 673 πατριαρχεύσαντος
563 580 726 666 Ἰωάννου,
759 590 816 669 τῆς
837 585 987 673 ἐμφυλίου
1007 584 1147 664 στάσεως
1167 585 1240 673 ἄρτι
1255 593 1351 652 καθι-

243 690 416 774 σταμίνης,
442 689 475 754 εἴ
484 688 532 765 τίς
547 713 581 754 τε
594 687 852 773 Καντακουζηνδν
878 684 920 765 ώς
940 689 1072 771 βασιλέα
1088 692 1141 755 καί
1160 690 1192 755 εί
1209 714 1257 768 τις
1276 694 1352 755 Πα-

243 799 349 877 λαμῶν
360 792 439 876 μετὰ
454 798 512 877 τῆς
528 793 662 880 φατρίας
674 794 718 867 εἷς
735 794 895 858 κοινωνίαν
910 793 1096 878 προσίεσθαι
1110 787 1256 874 βούλοιτο
1263 841 1276 873 ,
1301 791 1351 877 ἕγ·

241 892 396 984 γραφονὸ
420 891 653 982 πατριαρχεύων
671 895 748 972 τέως
761 895 936 980 Ἰσίδωρος,
961 895 1014 960 ἐπ’
1031 894 1177 977 ἄμβωνας
1193 895 1374 979 civemn-5

213 997 329 1082 Βκώς,
362 1002 506 1084 διεξῆλθε
530 995 747 1084 συγχώρησιν,
778 997 799 1082 ἢ
822 1001 873 1063 καὶ
893 991 932 1082 ἦν
952 1004 1016 1064 τῶν
1037 994 1185 1064 ἇπάντων
1202 997 1304 1074 οὐδεὶς
1326 988 1353 1087 ᾧ

242 1102 356 1191 ἤρεσκέ
374 1129 407 1169 τε
426 1107 478 1170 καί
497 1103 735 1190 προσεδίδεκτο·
763 1100 834 1167 ἄλλ’
857 1096 1225 1186 δπηνίμιαπαντάαασιν
1241 1098 1350 1181 ddisti,

242 1210 295 1276 καὶ
311 1203 508 1294 ἀμυδρότερα
528 1204 631 1290 πάσης
646 1211 734 1281 σκιᾶς
738 1253 751 1288 ,
775 1206 826 1269 καὶ
837 1202 950 1290 χλεύης
959 1206 1011 1270 καί
1024 1211 1183 1291 μυκτῆρος
1199 1204 1271 1282 ῶξια
1288 1230 1353 1286 μιι-

146 1316 321 1400 7.403κροῦ
329 1360 340 1393 ,
364 1313 416 1375 καί
430 1316 543 1396 μικροῶ
558 1311 618 1376 δίω
630 1309 723 1395 λίγειν
731 1357 742 1390 ,
767 1300 807 1393 ἦν
821 1307 920 1384 οὐδεὶς
936 1296 1019 1396 pipo}
1035 1309 1130 1393 γίλως
1145 1308 1186 1374 τά
1203 1304 1353 1392 λεγόμενα

240 1408 298 1500 ἦν,
324 1416 376 1479 καὶ
392 1411 485 1498 ὅμοια
506 1412 606 1500 ῶσπερ
622 1411 661 1478 ἂν
678 1411 773 1487 εἴτις
801 1409 897 1499 άμφω
918 1410 976 1486 τὰς
992 1409 1080 1494 ὀψεις
1100 1410 1209 1487 τελίως
1226 1409 1352 1498 ῶφηρη-
1360 1418 1391 1472 1⁰

239 1519 332 1603 μένος
351 1517 426 1594 τούς
450 1522 513 1583 τῶν
535 1516 711 1604 ὀφθαλμῶν
731 1513 787 1579 adv
812 1514 916 1601 ἕτερον
941 1514 1180 1600 πεπηρωμένους
1198 1509 1350 1598 λατρεύειν

212 1619 424 1706 contamino.
452 1630 519 1696 τοῖς
533 1643 566 1705 γε
579 1618 642 1700 μὴν
659 1617 852 1704 σεμνοτίροις
874 1623 976 1682 ταῦτα
991 1617 1030 1701 δὴ
1044 1616 1088 1686 τά
1103 1623 1159 1684 τοῦ
1175 1616 1353 1702 εὐαγγελίου

240 1725 294 1790 διδ
309 1721 447 1810 γλώττης
464 1716 513 1807 ἦν,
530 1720 637 1802 ,ἔξελε
654 1717 837 1808 (φάσκουσι)
851 1726 988 1807 πρῶτον,
1001 1716 1168 1805 διιοκριτά,
1186 1720 1244 1804 τὴν
1259 1719 1354 1785 doado

239 1830 277 1908 ,ἐκ
287 1835 343 1892 τοῶ
360 1827 531 1913 ὀφθαλμοῦ
547 1848 616 1904 σου,
632 1825 683 1888 καὶ
696 1821 766 1889 τότε
783 1822 819 1888 τὸ
833 1820 955 1908 κάρφος
966 1823 1003 1889 cd
1018 1823 1050 1888 δν
1060 1830 1105 1910 τῷ
1116 1822 1279 1914 ὀφθαλμῷ
1294 1828 1354 1888 τοῶ

243 1932 383 2019 ἀδελφοῦ
396 1928 496 1996 σου”·
519 1929 571 1993 καί
595 1918 635 1992 nd
650 1928 698 1991 dni
711 1923 836 2002 τούτοις
856 1922 959 1994 ὀπόσοι
978 1952 1012 2012 γε
1025 1922 1147 2003 τούτοις
1169 1922 1351 2011 ὀμύστοιχα.
1361 1931 1391 1990 1⁵

241 2035 339 2117 ,,δίον
359 2032 419 2119 γάρ
441 2030 536 2098 αότδν
557 2027 720 2119 (ἔφασκον)
737 2017 918 2114 συγγνώμην
938 2026 1039 2117 ἑαυτῷ
1062 2028 1119 2114 τὴν
1137 2031 1230 2113 μείζω
1253 2032 1355 2113 ζητεῖν

241 2139 293 2208 ,ἐπί
309 2140 430 2211 διπλοῖς
444 2137 496 2202 καὶ
510 2138 699 2208 πολλαπλοῖς
713 2143 779 2207 τοῖς
796 2128 997 2218 ἐγκλήμασιν,
1020 2128 1036 2199 ὃ
1052 2133 1086 2199 δὲ
1102 2129 1175 2210 τοδς
1190 2132 1280 2200 οόδίν
1294 2131 1356 2199 αύ-

241 2244 299 2304 τοῦ
322 2239 485 2321 δεομένους
505 2235 639 2312 ἀναιδῶς
661 2229 776 2299 οδτωσδ
792 2231 974 2321 θεραπεύειν
990 2235 1076 2321 ἠξίου
1083 2285 1094 2318 ,
1118 2235 1192 2312 τοδς
1205 2236 1252 2321 μὴ
1270 2232 1353 2301 πάνυ

210 2341 392 2427 Βλειιροδς,
419 2343 528 2421 είιιείν,
554 2335 666 2404 ducias
681 2336 809 2424 λεπρὸς,
831 2340 885 2402 καὶ
897 2337 970 2414 τοδς
989 2345 1103 2424 μικρῶς
1120 2341 1283 2423 δεομένους
1295 2365 1356 2404 κα-

242 2442 390 2531 θάρσεως
415 2439 431 2508 ὀ
456 2439 556 2529 ῥύπου
578 2443 630 2506 καὶ
650 2446 750 2526 πηλοῦ
761 2439 875 2523 μεστδς
882 2491 893 2522 ,
917 2440 996 2507 κατά
1014 2443 1087 2519 τοδς
1098 2445 1236 2529 χοίρους,
1261 2442 1392 2532 cispite

242 2545 390 2637 βορβόρῳ
406 2545 687 2633 ε’γκαλινδοῦνται.”
712 2540 929 2629 τοιούτοιςμίν
943 2544 982 2628 δὴ
992 2548 1043 2611 καί
1053 2548 1169 2629 μείζοσι
1182 2543 1305 2613 τούτων
1323 2546 1357 2611 αἲ

242 2655 355 2718 πολλαί
372 2653 424 2718 καὶ
443 2647 588 2737 διάφοροι
601 2654 739 2734 γλῶσσαι
753 2653 816 2713 τῶν
837 2654 1005 2732 τηνικαῦτα
1021 2646 1185 2736 παρόντων
1199 2651 1265 2714 ἐκεῖ
1275 2649 1358 2735 πρὸς

244 2756 340 2824 αότόν
354 2749 530 2832 cantavos
546 2749 728 2837 σκώμμασι·
756 2753 807 2816 καὶ
823 2748 938 2817 σύνδυο
955 2754 1007 2816 καί
1021 2748 1160 2840 σύντρεις
1175 2753 1208 2817 ix
1222 2749 1357 2837 διαστή-

242 2886 343 2944 ματος
367 2854 583 2946 ἀθροιζόμενοι
611 2852 780 2940 διηπόρουν
802 2851 947 2939 ἀλλήλοις
966 2851 1007 2920 τά
1033 2881 1066 2940 γε
1079 2860 1211 2922 τοιαῦτα
1230 2854 1356 2922 κοινού-

243 2989 330 3046 μενοι
358 2965 409 3027 καί
440 2959 498 3045 τὴν
529 2959 686 3024 ἀναίδειαν
717 2957 929 3043 λοιδοροῦντες
960 2958 1073 3024 ίκείνου
1092 2955 1199 3045 λάθρα
1219 2961 1272 3025 καί
1291 2955 1394 3031 siu'25
1462 3037 1463 3056 ρ

242 3092 293 3146 bac
302 3087 463 3210 patriarcba,
480 3085 558 3157 paulo
573 3092 632 3155 post
643 3102 776 3138 accensum
791 3085 868 3140 civile
880 3085 981 3152 bellum,
994 3088 1125 3142 abscissus
1138 3095 1208 3141 esset
1221 3092 1250 3142 et
1264 3088 1359 3142 eidn-

243 3178 288 3214 aua
326 3157 452 3210 hristiuna
463 3156 647 3218 communione,
661 3154 777 3224 quisquis
790 3155 847 3208 aive
858 3155 1066 3211 Cantacuzenum
1078 3166 1108 3210 ut
1118 3158 1301 3227 imperatorem
1315 3174 1360 3210 aa·

245 3239 287 3282 aet
300 3226 444 3294 agniturus,
461 3227 517 3279 aiva
530 3223 659 3278 Palammu
675 3231 702 3276 et
719 3225 802 3293 ipsius
815 3232 957 3279 sectatores
968 3227 996 3279 in
1009 3228 1206 3280 communionem
1222 3235 1293 3280 eaaet
1307 3223 1359 3279 ad·

245 3299 388 3358 missurua3
406 3295 463 3349 ideo
478 3293 608 3358 Isidorus,
624 3293 738 3363 quitum
754 3294 901 3363 patriarcha
915 3304 981 3362 erat,
999 3297 1108 3349 ambone
1122 3313 1269 3361 conscenso,
1288 3295 1360 3350 scal-

245 3376 318 3439 ptam
333 3364 455 3419 recitavit
470 3365 670 3429 absolutionem
688 3381 765 3433 quam
782 3381 854 3416 nemo
871 3365 980 3424 omnium
998 3364 1049 3417 luit
1068 3365 1112 3434 qui
1127 3368 1250 3448 probaret
1265 3373 1293 3417 et
1308 3363 1359 3417 ad·

127 3437 133 3446 '
244 3438 377 3492 mitteret:
394 3435 440 3486 sed
454 3434 542 3486 inania
555 3450 661 3503 prorsus
675 3449 715 3495 aa,
729 3441 757 3486 et
767 3434 855 3485 umbra
868 3434 959 3554 pusvis
972 3433 1096 3498 lutiliora,
1113 3452 1219 3502 risuque
1231 3438 1261 3487 et
1272 3450 1361 3485 sanna

246 3505 398 3575 dignissima
416 3503 576 3557 videbantur.
612 3503 683 3566 Quin
695 3500 758 3553 illud
774 3518 856 3571 paene
886 3502 992 3567 ἰιιοιίιιι,
1010 3503 1133 3556 neminem
1149 3503 1247 3566 luisse,
1265 3503 1307 3555 cui
1326 3519 1362 3555 ea

246 3592 313 3646 quae
332 3567 485 3627 dicebantur
504 3572 581 3624 risum
596 3588 647 3623 non
662 3571 806 3636 moverint,
843 3571 983 3642 erindeque
999 3572 1089 3626 habita
1105 3571 1174 3640 nint,
1191 3589 1223 3624 ac
1242 3570 1267 3623 ai
1287 3570 1359 3642 quia,

246 3653 356 3713 utroque
370 3643 443 3697 oculo
456 3641 559 3710 penitus
570 3641 685 3703 orbatus,
699 3640 799 3709 eosqui
839 3649 894 3693 tero
907 3642 977 3724 capti
988 3649 1077 3694 essent
1089 3651 1236 3694 sanaturum
1249 3658 1280 3692 ae
1294 3658 1361 3710 pro-

245 3714 280 3767 mi
335 3721 370 3767 et.
388 3711 562 3765 Gravioribus
575 3717 647 3762 certe
659 3710 724 3762 viris
735 3709 782 3763 illa
792 3710 922 3780 evangelii
933 3728 960 3763 ιιι
972 3728 1018 3764 ora
1029 3715 1117 3764 orante
1132 3710 1228 3776 „Eiicc
1236 3709 1360 3779 primum,

245 3782 281 3852 hy
346 3782 394 3846 its,
407 3782 505 3833 trabem
520 3779 553 3832 de
566 3778 640 3831 oculo
656 3788 717 3831 tuo:
734 3785 762 3831 ct
776 3788 837 3832 tunc
850 3779 986 3843 festucam,
998 3797 1066 3850 quae
1080 3790 1121 3832 est
1134 3780 1162 3832 in
1175 3779 1250 3832 oculo
1264 3777 1360 3831 tractis

245 3850 324 3906 tui”=
339 3851 442 3920 aliaque
455 3849 615 3902 addebantur
631 3848 671 3901 hia
686 3845 785 3902 affinia.
821 3848 893 3911 „Qui
907 3848 974 3902 enim
990 3849 1115 3918 (aiebant
1126 3847 1184 3918 illi)
1202 3847 1317 3917 duplicia
1331 3854 1362 3900 et
1461 3861 1462 3902 ἶ

246 3920 395 3991 multiplicia
407 3918 519 3972 criminis
535 3935 594 3971 reus
613 3923 675 3985 eget
688 3915 744 3986 ipse
756 3915 873 3986 ampliori
885 3917 1054 3981 absolutione,
1072 3917 1145 3972 iaita
1157 3917 1292 3987 impudens
1304 3924 1361 3979 eat,
1461 3927 1462 3938 ¹

246 3996 278 4044 ut
292 4008 346 4053 eoa,
363 3989 407 4059 qui
420 3987 483 4041 nibil
499 3987 557 4057 ipso
573 3986 700 4054 indigent,
716 3986 846 4039 curandos
859 3987 995 4058 suscipiat,
1010 4005 1061 4041 non
1072 3987 1172 4041 omnino
1185 3988 1313 4057 leprosos,
1329 3995 1362 4038 ut

246 4059 286 4112 ita
301 4059 399 4122 dicam,
415 4057 515 4110 omnino
529 4057 586 4128 ipae
601 4056 732 4126 leprosus,
750 4060 778 4109 et
792 4073 846 4119 eos,
860 4056 905 4140 qui
919 4074 1000 4126 parvo
1020 4056 1109 4109 labore
1122 4056 1223 4126 possint
1236 4054 1362 4125 purgari,

246 4127 367 4181 aoaffibua
380 4126 436 4196 ipss
447 4134 475 4179 et
488 4126 543 4179 luto
554 4134 708 4196 coopertus,
724 4142 861 4207 porcorum
874 4135 966 4190 instar,
998 4127 1026 4179 ui
1042 4126 1069 4179 in
1081 4143 1160 4178 coeno
1176 4121 1362 4182 volutamur?

246 4197 357 4251 Talibus
375 4212 447 4259 aum,
464 4194 539 4249 immo
559 4202 587 4248 et
607 4194 799 4259 acerbioribus,
817 4194 935 4248 dicteriis
951 4144 1045 4249 mdltae
1059 4203 1087 4248 et
1098 4191 1190 4248 νοτίοιο
1206 4210 1296 4248 eorum
1312 4190 1362 4262 qui

246 4271 300 4320 tum
314 4266 422 4320 aderant
434 4264 538 4333 linguae
552 4265 729 4329 incessebant3
746 4262 851 4333 binique
863 4270 892 4316 et
903 4264 971 4317 terni
985 4281 1017 4318 ex
1029 4263 1165 4317 intervallo
1180 4268 1303 4318 coeuntes
1324 4261 1363 4314 da

247 4334 289 4389 bia
302 4335 370 4391 inter
383 4353 414 4391 aa
426 4335 593 4404 ambigebant
606 4341 635 4387 ct
647 4332 868 4404 colloquebantur,
884 4332 962 4388 iatius
973 4333 1157 4407 impudentiam
1172 4333 1319 4387 clanculum
1332 4334 1365 4385 at
