2992 4792
370 344 611 419 HIS'I'ORIA'E
631 347 914 420 utzanTurAE
933 349 1023 423 Xlll.
1044 357 1075 421 3.
1191 337 1265 411 641

161 520 238 580 σθαι
262 521 331 590 τοῖς
353 508 462 589 δαλοις
480 504 601 596 νῦκτοιρ
621 513 673 578 καί
693 510 776 600 μεθ’
798 508 935 601 ἦμίραν,
966 508 1096 591 τοῦτους
1118 510 1157 579 οδ
1178 507 1265 598 μα’λα
1285 522 1435 580 λ.ο.1342

159 618 340 701 δξίιιληττεν
362 613 423 682 ὅσα
447 612 529 699 φίρει
551 613 637 682 deod
658 615 695 682 τὸ
714 622 773 702 τῆς
788 615 954 703 ἀλλοτρίας
970 615 1068 702 ἀηθες
1088 623 1161 702 γῆς·
1194 596 1434 718 ἀλλ’ωξζεέῗξὸ·

158 718 267 796 trote
290 719 407 793 ἀλλους
428 717 521 782 ίποίει
540 722 762 806 ταλαιπωρεῖν,
790 721 878 807 σφίσι
896 721 967 803 βίος
987 712 1027 804 ἦν
1043 719 1301 803 ἀταλαίπωροςΒ

159 822 242 889 odoro
265 820 377 912 ῥηίδιον
398 816 419 904 ἦ
442 816 594 905 συνήθεια
613 824 666 888 καί
687 829 808 909 κοῦφον
830 824 881 888 καὶ
903 822 941 888 οῦ
960 820 1086 911 σφόδρα
1108 823 1268 888 ἐπίπονον*

138 925 239 992 telone
253 929 307 990 καὶ
322 924 355 990 εῖ
370 948 436 1004 τις,
463 923 497 989 ἐκ
509 924 689 1005 προθέσεως
704 926 830 1011 ἀγαθῆς
850 921 1048 1011 ὡρμημένος,
1074 925 1130 993 τὸν
1143 924 1272 1013 ἀριστον

158 1029 260 1094 ἅλοιτο
275 1031 349 1110 βίον
358 1076 371 1108 ,
397 1026 615 1113 ἀταλαίπωροι
635 1026 676 1093 δν
688 1026 766 1095 είναί
787 1028 817 1094 οῖ
832 1027 929 1105 εάθῦς
951 1036 1009 1095 τοῦ
1025 1034 1134 1095 λοιποῦ
1152 1031 1223 1111 βίον
1238 1054 1271 1095 τε

161 1129 265 1198 delen
292 1127 452 1197 ἀνώδυνον
475 1130 527 1194 καί
558 1126 673 1216 ἡδονὴν
693 1128 858 1198 ἀθάνατον
877 1132 910 1198 ἓν
928 1137 1039 1221 θνητῷ
1054 1137 1192 1198 κτάσθαι
1206 1127 1272 1198 σοί-

161 1259 249 1318 μστι.
299 1231 370 1325 (Β.)
394 1231 480 1317 Ἥγαλ
504 1231 537 1299 δ’
556 1235 711 1301 ἐνταυθοῖ
720 1241 778 1319 τῆς
800 1235 939 1321 ἱστορίας
956 1232 1116 1321 γενόμενος
1141 1231 1272 1317 ἀβουλό-

160 1364 223 1421 μην
234 1334 518 1423 λιπτομερεστίραν
526 1337 596 1402 τινὰ
613 1335 808 1422 ποιήσασθαι
824 1337 882 1422 τὴν
898 1336 1071 1424 ἀφήγησιν,
1097 1340 1149 1404 καί
1165 1340 1298 1423 dnum-c

121 1442 268 1526 1ογορίας
281 1441 418 1505 ίκθεῖναι
434 1445 492 1507 τοῦ
505 1441 674 1523 βασιλέως,
701 1439 740 1518 ῦς
751 1466 786 1508 τε
799 1439 878 1529 πράς
889 1440 944 1507 τὸν
955 1439 1086 1529 Κράλην
1106 1443 1269 1526 πεποίηται

160 1546 211 1609 καί
230 1543 270 1620 ἃς
285 1541 364 1629 πρὸς
384 1541 440 1609 τδν
462 1544 572 1610 οίκιῖον
595 1545 732 1630 στρατὸν
757 1544 790 1612 ἓν
812 1554 930 1632 καιροῖς
948 1556 1014 1622 τοῖς
1028 1542 1191 1630 ἀνήκουσι,
1217 1545 1270 1610 καλ

161 1644 201 1722 ἀς
214 1645 294 1732 πρδς
310 1645 406 1711 αῦτδν
420 1646 537 1714 ίκεῖνοι.
564 1649 627 1714 δεῖν
640 1648 700 1736 γὰρ
716 1643 759 1725 ὥς
772 1647 932 1715 τάπολλά
946 1651 998 1714 καί
1014 1646 1140 1735 πράξεσι
1157 1644 1269 1733 λόγους

162 1751 216 1815 καί
233 1746 335 1835 λόγοις
357 1744 482 1836 πράξεις
503 1757 646 1835 πανταχῆ
664 1753 891 1837 παρεζεῦχθαι·
923 1752 967 1836 μὴ
987 1750 1084 1836 μόνον
1104 1750 1151 1816 ὅτι
1164 1756 1270 1834 ψυχῆς

165 1848 280 1928 είιιῦνες
298 1849 455 1940 ἀμφὸτερα
479 1855 534 1918 καλ
552 1860 611 1938 τῆς
624 1855 657 1920 ίν
672 1854 753 1940 αὐτῇ
770 1850 972 1937 κατοικοῦσης
986 1851 1110 1938 γνώμης
1123 1856 1175 1917 καὶ
1186 1849 1267 1938 γνώ-

117 1963 156 2019 15
161 1978 244 2032 σεοις
255 1952 432 2040 αῦτάγγελαι
446 1952 593 2042 κη’ρυκες,
620 1955 791 2023 κάντεῦθεν
799 1961 914 2042 χρῆναι
927 1955 1121 2044 σαφεστέραν
1135 1954 1192 2039 τὴν
1206 1960 1269 2021 τῶν

159 2058 388 2145 ἱστορουμένων
409 2056 586 2145 προσεῖπαν
612 2062 665 2125 καί
683 2057 874 2147 πραγμάτων
896 2061 1039 2145 γίνεσθαι
1058 2055 1193 2143 δήλωσιν
1215 2055 1297 2125 dacin

159 2168 223 2229 τῶν
247 2158 415 2228 τοιοῦτον·
441 2161 522 2229 ἀλλδ
544 2164 596 2230 καί
618 2160 667 2229 ὅτι
689 2164 878 2250 σκιαγραφία
901 2172 951 2239 τίς
964 2165 1031 2229 ἔστι
1046 2168 1110 2228 τῶν
1125 2158 1266 2249 πράξεων

159 2259 179 2330 δ
192 2261 303 2349 λῦγσς·
327 2267 381 2330 καλ
393 2261 512 2335 τοῦτον
524 2266 582 2350 μέν
594 2256 686 2342 odron
695 2263 830 2352 ἡγεῖται·
845 2262 958 2332 τοῦτον
971 2269 992 2332 δ
995 2266 1007 2292 '
1030 2256 1122 2332 αῦται
1136 2261 1266 2330 κατόπιν

160 2364 311 2454 ἕρχονται.
338 2366 414 2434 ἀλλ’
428 2367 589 2458 ἐπειδήπερ
600 2365 827 2455 ὃρῶμενίνίους
840 2375 885 2459 τῷ
897 2372 1011 2439 πλείονι
1023 2368 1107 2456 μίρει
1120 2376 1177 2453 τῆς
1190 2391 1265 2454 συγ-

117 2477 283 2560 ωγραφῖγς
307 2471 342 2537 δν
366 2480 436 2548 ταῖς
459 2475 660 2561 δημηγορίαις
684 2473 958 2561 καταχρωμίνους,
993 2472 1046 2540 διά
1067 2471 1103 2538 κδ
1128 2469 1266 2556 μάλιστα

158 2570 285 2641 πάντων
297 2574 331 2640 dr
345 2570 474 2653 ταῦταις
487 2575 563 2660 ἵχειν
575 2576 635 2663 τὴν
647 2583 706 2662 τῆς
719 2575 885 2667 ῥητορικῆς
907 2578 1120 2643 ἐνδείκνυσθαι
1137 2572 1269 2657 δύναμιν

159 2679 211 2743 καί
231 2677 269 2745 τδ
292 2683 351 2763 τῆς
372 2683 463 2764 σφῶν
477 2675 591 2768 σοφίας
613 2677 795 2769 φιλότιμον,
821 2676 865 2755 ἀς
883 2681 1062 2763 συμβαίνειν
1075 2679 1218 2745 ἐντεῦθεν
1228 2675 1267 2742 τδ

159 2777 315 2868 πάριργον
330 2781 435 2866 μεῖζον
458 2789 516 2849 τοῦ
537 2782 626 2870 ἔργον
649 2785 887 2863 καθίστασθαι,
911 2780 970 2866 τὴν
992 2776 1189 2867 μίσηνῆμεῖς
1202 2784 1295 2860 ,δα-Ε

163 2885 255 2964 δίζιιν
270 2886 427 2971 ἐκρίναμεν
447 2886 520 2954 δεῖν.
554 2886 709 2955 mareoten
726 2890 891 2972 τοιγαροῦν
901 2880 1021 2955 dud-lev
1035 2887 1078 2961 είς
1090 2890 1191 2952 ταῦτα
1204 2881 1269 2961 ίξί·

232 3014 863 3088 9·0nonr⁰otoer0u·1³⁰iv·ur⁰³narrvotoev·
1068 3034 1082 3065 ·

157 3123 236 3184 rant,
253 3117 408 3190 laboresque
426 3125 504 3175 noctu
520 3124 548 3175 et
559 3119 673 3175 interdiu
685 3120 792 3176 bellicos
808 3119 995 3183 toleraverant,
1012 3135 1123 3175 coenon
1141 3118 1180 3173 ita
1196 3120 1269 3177 frea·

157 3190 258 3257 gebuut
271 3189 341 3242 mola
355 3190 418 3256 illa,
436 3208 504 3261 quae
518 3191 568 3245 ooli
582 3190 685 3244 externi
700 3190 837 3244 insolentia
852 3189 938 3243 affert.
973 3188 1027 3243 Sed
1059 3208 1107 3243 uae
1122 3191 1177 3243 vita
1189 3192 1270 3244 mole-

158 3257 266 3311 otiarum
283 3260 362 3329 plena
377 3260 521 3326 alliserat,
537 3260 570 3312 iia
586 3259 719 3316 molestiae
734 3277 828 3343 expeto
842 3258 987 3312 videbatur.
1021 3209 1094 3314 Adeo
1111 3260 1267 3314 consuetudo

158 3328 218 3397 ipoa
236 3345 346 3398 pronum
364 3329 484 3400 quiddam
504 3334 532 3383 et
550 3329 609 3384 leve
628 3338 684 3395 eat,
702 3337 729 3382 et
744 3329 846 3382 murima
863 3328 1025 3382 laboriosum.
1060 3328 1227 3398 Quapropter
1242 3327 1267 3381 ri

159 3396 218 3466 qnia
237 3396 362 3467 prudenti
388 3398 545 3467 cogitatione
567 3398 688 3453 inductus
712 3398 834 3469 optimum
851 3397 922 3450 ritae
940 3415 1022 3465 genua
1040 3398 1137 3466 eliget,
1154 3397 1232 3452 focile
1246 3396 1272 3450 ei

160 3465 249 3521 norim
269 3466 350 3519 luerit
370 3467 449 3521 uitam
470 3468 566 3522 laberio
587 3475 667 3539 atque
682 3466 833 3523 incommodi
854 3476 987 3535 expertem
1006 3468 1161 3520 decaetero
1182 3485 1271 3536 agere,

160 3542 191 3588 et
201 3535 364 3605 voluptatem
383 3537 484 3590 mortali
504 3538 532 3593 in
550 3555 659 3621 corpore
678 3555 773 3609 parare
791 3535 841 3588 eibi
859 3536 1034 3589 immortalem.
1068 3536 1132 3605 (ll.)
1150 3537 1208 3589 Hac
1221 3554 1272 3604 ego

159 3603 188 3658 iu
202 3614 281 3675 parte
299 3604 424 3660 historide
440 3605 540 3676 singula
556 3608 632 3661 vclrm
651 3624 780 3677 exponere
793 3604 929 3669 minutius,
947 3608 1042 3675 eaeque
1058 3606 1158 3659 reterre
1174 3606 1273 3658 oratio·

160 3691 222 3737 nee,
239 3691 307 3745 quaa
325 3673 464 3744 imperator
480 3694 537 3731 curn
554 3676 623 3748 apud
641 3676 743 3731 Crulem
762 3674 868 3738 habuit,
885 3681 939 3727 tum
952 3675 1022 3742 apud
1034 3692 1107 3727 ouum
1123 3674 1274 3739 exercitum,

161 3751 241 3813 prout
256 3743 361 3798 occario
378 3744 458 3809 tulit3
481 3751 510 3799 et
525 3764 570 3800 eae
585 3746 672 3810 etiem,
689 3763 754 3816 quaa
768 3744 806 3797 illi
821 3760 878 3796 cum
895 3761 936 3797 eo.
970 3743 1100 3798 Convenit
1112 3743 1179 3798 enim
1191 3743 1273 3797 moxi·

160 3828 217 3876 uo,
234 3820 262 3866 et
277 3812 356 3866 lectio
368 3813 439 3867 diota
455 3821 483 3867 et
496 3814 572 3869 dictio
585 3816 655 3868 laeta
668 3814 762 3884 paeeim
773 3811 891 3875 annecti3
909 3830 959 3866 nou
971 3812 1050 3866 nolum
1063 3814 1124 3883 quia
1139 3822 1274 3882 utrumque
1303 3851 1308 3861 ,

162 3879 226 3936 illud
244 3882 323 3936 animi
342 3882 429 3952 imago
446 3883 603 3954 intentioque
622 3884 648 3936 in
665 3901 697 3937 eo
710 3881 851 3937 voluntatis
866 3888 894 3934 ct
908 3881 1072 3952 cogitationie
1086 3882 1213 3951 genuinus
1225 3900 1274 3935 ve-

161 3948 210 4006 luti
229 3951 341 4005 nuncius
354 3948 419 4016 eote
429 3961 508 4025 atque
522 3955 583 4007 hinc
597 3953 710 4006 existere
726 3956 831 4022 oportet
847 3951 984 4006 certiorem
999 3968 1165 4020 personarum
1184 3956 1213 4004 et
1230 3968 1273 4003 re-

161 4036 226 4084 rum,
250 4021 285 4075 de
323 4019 399 4074 uibuo
420 4022 516 4091 agitur,
536 4021 669 4076 notitiam:
693 4038 782 4075 verum
800 4021 878 4075 etiam
897 4019 958 4089 quie
975 4020 1002 4072 in
1017 4018 1096 4072 dictio
1113 4020 1274 4074 adumbratio

160 4090 288 4158 quaedam
304 4038 434 4144 iacturum
449 4100 504 4145 eote
522 4098 549 4145 et
563 4091 609 4144 ille
625 4090 727 4160 quidem
743 4091 863 4159 praeire,
880 4089 946 4145 baec
960 4096 1044 4143 autem
1058 4105 1126 4159 poue
1140 4091 1215 4162 aequi
1228 4108 1273 4144 ιο-

158 4156 222 4211 leot
256 4159 310 4213 Sed
325 4158 387 4229 quia
398 4160 513 4215 ridemur
527 4160 649 4231 quondam
664 4157 773 4213 maxima
790 4159 876 4228 operia
909 4167 966 4213 arte
984 4158 1055 4213 abuti
1073 4158 1108 4213 od
1125 4160 1270 4227 concioneo,

159 4226 231 4296 qnod
245 4227 274 4281 in
292 4227 331 4282 eir
349 4229 458 4283 maximo
477 4230 548 4283 loouo
569 4229 605 4282 eit
624 4229 794 4282 ostentandae
813 4177 917 4285 dicendi
937 4228 1057 4283 facultati
1075 4236 1104 4283 et
1118 4229 1270 4288 eruditionis

158 4295 311 4361 umbitioui3
327 4295 398 4350 unde
411 4298 450 4363 lit,
466 4304 496 4353 ut
513 4299 572 4368 ipra
586 4316 616 4352 re
630 4298 711 4352 malua
743 4296 878 4368 nandoque
890 4296 987 4351 existat
1001 4298 1044 4364 id,
1062 4298 1130 4363 quod
1143 4309 1184 4352 eat
1195 4307 1271 4359 extra

160 4379 232 4429 rone
247 4365 348 4421 idcireo
360 4362 469 4423 mediam
482 4368 557 4424 nobie
570 4366 638 4430 riom
651 4374 728 4424 tenen
803 4382 862 4423 euo
877 4366 1031 4424 manium
1065 4367 1209 4424 Redeamus
1219 4369 1269 4428 ite-
