2992 4792
353 375 589 447 msaomaa
604 378 886 451 anznnnmaa
900 380 987 449 run
1002 390 1051 456 ια
1179 348 1306 451 οοοι

153 536 289 627 ὐτιίγκας
299 533 378 628 ἦγον
391 537 551 626 ἓκατίρους
564 544 685 609 δεῖσθαι
700 550 757 628 τῆς
771 551 826 611 τοῦ
838 547 1005 628 Κομνηνού
1013 546 1142 633 Μιχαὴλ
1156 546 1252 615 αὐτο·
1268 568 1296 618 a.
1310 568 1338 618 e.
1351 560 1419 618 1343

151 651 338 731 κρατορικῆς
355 645 513 721 ἔξουσίας·
538 643 704 745 κύντεύθεν
718 646 890 730 ξυνίβαινεν
908 648 1004 714 αὐτὸν
1020 650 1052 714 ἓν
1063 653 1180 739 βεβαίῳ
1197 635 1418 757 καυιωῖἱεὶτξν

151 749 248 830 τίχειν
268 747 384 830 αὐτῆς
405 743 565 830 ἡγεμονίας
582 754 743 836 σκῆπτρα,
762 749 901 849 μηδενὸς
923 752 1065 833 ἐμποδών
1077 760 1117 842 τῇ
1133 756 1286 846 ίξουσίρῐί
1353 739 1360 755 ’

150 856 213 916 τῶν
230 849 314 915 ratri
336 844 461 934 γνώμην
473 851 712 934 καθισταμένου.
739 854 791 916 καί
807 857 907 917 ταῦτα
928 853 987 935 μίν
1009 856 1086 941 τῇδέ
1099 883 1142 940 πη
1162 856 1262 940 ἴσχεν,

129 960 146 1015 5
227 949 281 1035 ιβ’.
306 951 359 1016 Ἔν
377 953 412 1017 δέ
425 948 526 1041 τούτῳ
549 960 594 1042 τῷ
604 950 707 1041 χρόνῳ
725 951 834 1031 σπάνις
851 955 942 1034 ἐπίεζε
960 958 1047 1022 σίτου
1065 960 1355 1039 ΒυζαντίουςΡ.421

150 1079 184 1122 τε
202 1057 254 1120 καλ
278 1056 424 1130 πλείστας
444 1062 506 1121 τῶν
526 1056 559 1121 ίν
579 1063 618 1143 τῇ
644 1052 945 1147 ΘρᾴκῃῬωμαῒκολν
966 1056 1093 1127 πόλεων,
1120 1068 1184 1126 τῶν
1196 1059 1256 1149 γάρ

153 1182 204 1223 τοι
222 1154 384 1238 Ῥωμαίων
407 1167 473 1233 τοῖς
494 1158 653 1245 ἐμφυλίοις
679 1160 915 1246 περισπωμένων
945 1162 1105 1245 πολέμοις,
1141 1164 1258 1246 συχνὰς

155 1257 331 1340 ποιούμενοι
344 1258 402 1335 τιλς
415 1258 548 1347 ἐφόδους
563 1261 593 1326 οἱ
606 1263 639 1338 ίξ
650 1261 753 1338 Ἀσίας
766 1264 864 1339 ἀδεῶς
874 1261 1021 1350 μονήρεσι
1036 1268 1086 1329 καὶ
1102 1263 1256 1352 τριήρεσιν

154 1363 187 1438 ir
204 1362 261 1446 τὴν
276 1359 407 1451 Θρᾴκην
430 1361 641 1450 περαιούμενοι
663 1370 815 1452 Τούρκοι,
840 1369 892 1431 καὶ
902 1363 1039 1449 μάλιστα
1053 1369 1086 1432 ἓν
1102 1367 1185 1455 ἀκμῇ
1198 1374 1255 1433 τοῦ

20 1536 21 1543 ¹
114 1467 261 1544 Ῑῦσίτου,
289 1460 348 1540 τώς
361 1490 394 1529 τε
406 1463 513 1551 χώρας
527 1468 755 1553 ἐνεπίμπρασαν
778 1471 829 1534 καὶ
842 1468 882 1534 roi
906 1465 1001 1554 κτήνη
1021 1468 1171 1553 ἤλαυνον,
1201 1469 1257 1536 rir-

154 1571 234 1653 δρας
250 1592 283 1633 τε
297 1569 348 1632 καί
367 1578 512 1652 γυναῖκας
526 1569 782 1657 ἦνδραποδιζοντο
790 1620 801 1652 ,
828 1573 879 1636 καλ
893 1568 989 1637 πάντ’
1006 1574 1128 1638 ἐποίουν
1143 1572 1182 1638 τοὶ
1195 1600 1258 1658 χαι

155 1667 337 1736 λετώτατα·
356 1666 398 1746 nic
413 1670 557 1755 ἀοίκητόν
570 1676 666 1738 τεκαὶ
681 1670 874 1760 ἀγεώργητον
887 1675 1028 1739 ἐντεῦθεν
1043 1681 1284 1762 sarciendi-B

158 1799 211 1839 ναι
226 1773 283 1857 τὴν
298 1778 362 1857 γῆν.
388 1773 446 1856 μία
467 1776 524 1857 μίν
550 1768 604 1842 οὐν
626 1773 704 1860 αὐτη
728 1774 888 1864 πρόφασις
898 1773 1060 1860 Ῥωμαίοις
1073 1781 1186 1861 γίνεται
1202 1784 1258 1843 τοῦ

159 1881 264 1958 λιμού.
292 1876 415 1961 δευτίρα
436 1878 471 1944 δὲ
496 1880 547 1943 καλ
567 1880 694 1960 μείζων,
723 1877 771 1944 ὅτι
789 1881 840 1944 καλ
863 1875 933 1963 ἦέκ
946 1885 1002 1943 τοῦ
1021 1878 1166 1954 Εὐξείνου
1183 1877 1260 1943 πόν·

115 1990 149 2046 15
158 2003 218 2044 του
238 1977 318 2043 κατὰ
342 1977 376 2043 τὸ
403 1979 516 2056 είωθδς
541 1978 693 2056 ίνιαύσιος
720 1985 871 2047 κατιοῦσα
892 1982 1080 2064 σιτοπομπία
1105 1981 1139 2059 ἐξ
1160 1982 1261 2057 αἰτίας

155 2077 315 2146 lundanae
339 2083 433 2164 τῆσδε
456 2085 507 2148 καί
525 2080 614 2166 αὐτη.
668 2081 737 2172 (Β.)
758 2082 844 2149 Ἔστι
870 2084 1022 2149 Λατίνων
1043 2089 1105 2150 τῶν
1126 2083 1160 2148 ἐκ
1183 2087 1214 2149 Γ
1211 2109 1260 2149 εν-

155 2180 252 2260 νούας
269 2182 398 2258 ἄποικος
422 2183 526 2267 πόλις,
562 2184 583 2270 ἢ
608 2185 686 2270 πρὸς
709 2191 773 2252 τών
797 2187 949 2273 ὐγχωρίων
971 2192 1107 2251 καλεῖται
1130 2189 1257 2272 Καφᾶς,

155 2288 207 2352 καί
236 2292 295 2353 τοῦ
317 2285 397 2372 πρὸς
414 2294 454 2375 τῇ
478 2284 638 2355 Μαιώτιδι
659 2285 826 2377 Βοσπόρου
849 2291 1043 2375 τριακοσίους
1070 2291 1122 2353 καὶ
1140 2290 1289 2373 χιλίουςῦ

157 2392 305 2466 σταδίους
319 2389 481 2472 διίχουσα,
508 2390 594 2477 παρὰ
609 2390 650 2456 ui
666 2387 808 2475 εὐώνυμα
823 2397 879 2458 τοῦ
901 2391 1046 2470 Εὐξείνου
1067 2389 1182 2457 πόντου
1200 2417 1262 2456 κει·

113 2494 233 2577 ιομίνη
247 2492 376 2579 πλευρὰ,
404 2492 490 2570 εἴτις
501 2493 578 2580 πρὸς
595 2491 726 2581 ὐρκτους
738 2500 895 2560 ποιεῖσθαι
908 2494 963 2560 τδν
977 2491 1134 2560 ἀνάπλουν
1147 2493 1261 2573 tutior,

157 2597 209 2661 ml
227 2590 289 2660 ’τόν
313 2619 348 2659 τε
366 2591 490 2682 βόρειον
507 2594 603 2663 πόλον
626 2599 677 2662 καὶ
697 2597 755 2681 τὴν
766 2594 886 2683 Ἑλίκην
901 2595 978 2681 ἴχειν
990 2596 1052 2684 πρὸ
1073 2596 1260 2685 ὀφθαλμῶν.

157 2697 273 2774 είωθδς
287 2696 346 2785 γὰρ
363 2708 429 2775 τοῖς
451 2701 604 2776 Λατίνοις
612 2748 623 2780 ‚
658 2701 708 2765 καί
719 2696 858 2783 μάλιστα,
872 2711 938 2774 τοῖς
955 2702 989 2765 ίκ
1004 2705 1036 2764 Γ
1034 2697 1160 2774 εννοόας
1168 2747 1179 2778 ,
1207 2698 1264 2784 inf

158 2807 278 2889 πορικῷ
294 2801 334 2865 τοὶ
350 2804 543 2868 πλεῖστακαί
557 2802 720 2890 θαλαττίῳ
742 2803 804 2890 βίῳ
819 2806 1185 2888 προσταλαιπωρεΐσθαι,
1212 2801 1265 2863 καί

161 2903 223 2978 τὰς
236 2908 296 2969 τῶν
309 2901 478 2991 χρημάτων
500 2901 675 2994 προσόδους
696 2909 760 2970 τῶν
780 2929 813 2970 τε
824 2910 932 2970 κοινῶν
951 2906 1002 2969 καὶ
1019 2904 1105 2968 ἰδίων
1117 2902 1261 2968 ἐντεῦθεν

161 3065 263 3120 ciuilis
275 3065 396 3120 &maeri
409 3071 563 3138 potestatem
576 3084 697 3122 rammam
710 3085 769 3121 erse
779 3067 813 3122 iia
826 3067 969 3136 expediret.
1003 3066 1045 3120 lio
1058 3067 1158 3120 iactam
1173 3069 1223 3129 eet,
1237 3070 1269 3119 ut

159 3136 216 3189 iate
234 3135 422 3218 imperatoriam
441 3136 620 3191 auctoritatem
638 3138 734 3191 firmam
751 3145 778 3191 et
790 3138 906 3205 stabilem
919 3137 1041 3200 haberet,
1058 3154 1141 3207 neque
1154 3133 1179 3190 ei
1193 3133 1268 3187 dein·

159 3221 225 3273 cepo
237 3221 371 3275 quisquam
385 3205 509 3269 obstaret,
522 3223 571 3275 quo
584 3205 664 3259 minus
678 3206 782 3278 quidvis
796 3224 830 3260 ex
843 3205 973 3259 sententia
986 3206 1074 3259 lacere
1089 3211 1187 3275 posset.
1219 3206 1269 3257 Aa·

160 3290 215 3344 que
231 3274 297 3326 baec
312 3273 351 3326 ita
364 3274 445 3327 ferme
457 3292 485 3326 ae
499 3274 651 3328 habuerunt

232 3344 276 3397 12.
299 3341 397 3396 Eadem
416 3349 568 3412 tempestate
591 3343 742 3413 Byzantium
766 3350 794 3396 et
810 3340 947 3413 pleraeque
964 3339 991 3394 in
1005 3340 1120 3395 'lbracia
1137 3342 1267 3394 Romano*

160 3428 218 3466 ram
231 3412 309 3464 urbes
326 3411 365 3464 rei
378 3412 558 3464 frumentariae
575 3410 663 3533 ἱιιορῐιι
684 3412 844 3465 laborabant
878 3410 961 3464 'l'urci
977 3406 1058 3474 enim,
1075 3412 1133 3463 dum
1144 3409 1266 3462 civilibus

160 3481 239 3533 bellis
254 3479 361 3532 Romani
375 3479 604 3550 distringebantur‚
633 3492 768 3551 requenter
782 3499 814 3533 ex
828 3479 890 3532 Asia
902 3479 1062 3532 incursiones
1078 3478 1217 3543 faciebant,
1235 3486 1264 3537 et

161 3556 216 3603 tam
231 3548 377 3601 moueribas
397 3549 452 3602 sive
472 3548 546 3601 unius
564 3568 687 3603 remorum
705 3550 802 3604 ordinis
822 3548 945 3612 navibus,
963 3562 1037 3616 quam
1052 3546 1198 3601 triremibus
1215 3548 1264 3599 im·

182 3636 233 3671 nne
246 3619 272 3669 in
286 3617 424 3671 Thraciam
438 3618 549 3683 advecti,
566 3619 711 3687 vigentibus
725 3615 874 3689 praesertim
888 3615 1033 3685 segetibus,
1050 3633 1126 3685 agros
1141 3614 1265 3669 incende·

161 3637 236 3747 lant,
253 3685 366 3739 iumenta
377 3687 524 3755 abigebant,
542 3687 612 3740 viros
626 3687 794 3758 mulieresque
807 3687 833 3740 in
845 3684 996 3738 servitutem
1008 3684 1169 3752 redigebant,
1182 3682 1265 3736 omnia

163 3756 276 3824 denique
288 3757 454 3809 acerbissima
466 3758 664 3825 perpetrabant3
681 3758 718 3809 sic
732 3765 762 3809 ut
774 3754 832 3825 agri
845 3755 940 3807 deserti
954 3760 981 3805 et
994 3753 1084 3806 inculti
1095 3761 1265 3806 remanerent.

162 3823 252 3876 Prima
264 3825 330 3877 haec
343 3824 423 3893 igitur
434 3824 500 3876 ratio
514 3825 623 3889 exstitit,
635 3842 682 3877 cur
694 3826 760 3878 same
773 3822 881 3878 Romani
895 3830 1056 3890 urgerentur.
1080 3823 1168 3874 Altera
1180 3828 1265 3875 autem

163 3893 326 3961 ergnrior,
344 3895 414 3962 quod
431 3893 558 3946 frumenta
569 3893 630 3957 illa,
656 3911 723 3963 quae
738 3894 855 3946 solebant
872 3893 903 3945 ab
917 3890 1018 3944 Euxino
1034 3896 1112 3959 ponto
1128 3889 1266 3959 quotannis

163 3978 321 4026 commeare,
340 3962 408 4015 haud
424 3966 557 4015 venerant.
592 3960 674 4014 Cuius
687 3962 788 4032 quidem
801 3961 840 4015 rei
853 3978 931 4014 causa
945 3961 1008 4012 baec
1020 3955 1078 4011 suit.
1113 3959 1178 4027 (11.)
1197 3957 1269 4031 Funf

163 4029 227 4083 dara
244 4037 285 4083 ert
302 4028 433 4083 a'batinia
449 4026 629 4084 Genuensibus
648 4030 763 4095 colonia,
779 4048 853 4101 quam
870 4026 971 4083 accolae
988 4029 1092 4097 Caphas
1112 4034 1269 4096 nuncupant,

163 4098 232 4151 dista
263 4116 296 4152 ue
309 4116 326 4151 a
341 4098 469 4152 Maeotino
481 4100 598 4169 Bosporo
616 4116 685 4153 nece
704 4099 811 4163 stadiis,
828 4096 880 4151 alta
900 4104 1007 4168 propter
1029 4095 1158 4148 'sinistrum
1171 4094 1269 4147 Euxini

200 4169 238 4220 nti
280 4176 340 4232 tua,
364 4168 387 4220 ai
406 4168 466 4237 quis
484 4186 511 4219 ae
531 4169 682 4221 tentrionem
700 4186 790 4220 versus
805 4168 929 4237 navigare
944 4182 974 4218 ac
994 4164 1120 4218 borealem
1140 4166 1223 4233 polum
1242 4172 1269 4213 et

165 4185 273 4290 ffeiioen
292 4238 389 4291 habere
409 4236 442 4289 ob
462 4185 548 4289 ocullra
565 4236 636 4289 velit.
672 4238 735 4290 Cum
755 4236 821 4290 eninr
842 4254 928 4289 omnes
943 4232 1045 4298 Latini,
1068 4252 1099 4288 sc
1118 4230 1269 4303 praesertim

167 4306 333 4369 Genuenser,
351 4306 430 4361 vitam
442 4310 473 4357 nt
484 4302 615 4375 plurimum
631 4314 711 4375 agant
723 4314 884 4358 mercaturae
899 4310 927 4356 et
938 4300 1129 4371 navigationum
1140 4299 1270 4353 laboribus

165 4384 301 4440 rentem,
318 4380 399 4447 atque
412 4374 474 4429 inde
488 4374 620 4446 pecuniam
637 4380 732 4445 cogant
745 4380 797 4428 tam
812 4374 940 4447 publicans
954 4389 1029 4445 quam
1042 4370 1186 4441 privatam,
1203 4385 1270 4420 conr·
