2992 4792
417 383 771 455 ANNOTATIONBS.
1070 374 1169 449 1281
1207 415 1213 423 -

125 537 338 620 apataiarcha
360 541 489 617 alienata
504 542 562 619 ait,
583 540 723 624 pluribua
740 541 867 625 exponit
881 541 1040 604 cantanda.
1052 540 1106 603 lib.
1117 542 1170 604 111.

125 629 167 791 lg·
186 645 336 786 33:³3.
382 707 442 776 Arei
456 708 513 793 nala
526 715 584 776 anai
595 704 690 792 τόμον
704 704 887 789 κατάλυσιν]
908 709 952 769 Da
972 731 1032 791 quo
1048 711 1170 792 quidem

140 804 173 855 et
195 796 333 873 Synudo
349 798 695 880 Conatantinopolitana,
718 806 750 857 et
771 796 978 856 controveraia
998 798 1077 856 iuter
1097 797 1171 858 Bar.

125 900 134 937 a
153 887 187 939 et
203 879 399 959 Gregorium
412 884 576 961 Palmam,
598 884 664 944 inae
685 882 746 961 egit
764 882 961 942 Cantacuzen.
981 881 1035 942 lib.
1049 882 1090 944 11.
1105 902 1169 964 cap.

138 964 197 1023 ubi
216 967 428 1028 conaulendua
443 970 610 1031 Gretaarna.
651 986 785 1029 nucero.

125 1071 173 1130 ug.
197 1053 283 1126 768,
307 1052 342 1117 4.
387 1045 468 1116 'Eaael
500 1047 531 1116 δ’
555 1053 653 1134 ἔτυχεν
676 1095 819 1114 .......
840 1048 964 1130 δέσμιον
994 1049 1028 1116 ἐκ
1055 1054 1171 1115 πολλοῦ

125 1155 181 1194 oon
202 1128 255 1195 τὸν
272 1138 450 1218 Παλσμᾶν]
472 1137 598 1196 Exstant
619 1138 649 1197 in
665 1137 775 1197 Codice
788 1135 881 1215 Regio
901 1134 996 1200 2409.
1019 1156 1088 1196 cnm
1113 1137 1170 1196 alia

125 1218 272 1280 Palamae
296 1222 415 1300 acripta
432 1221 616 1301 theologica,
645 1232 709 1298 tum
729 1222 871 1303 apiatolee
893 1220 1009 1300 aliquot
1030 1222 1170 1300 apologe-

125 1304 159 1363 in
176 1304 291 1382 quibua
307 1307 449 1367 Palamaa
463 1305 542 1368 banc
555 1308 636 1368 vitae
649 1327 721 1367 auae
735 1315 849 1388 partem
865 1306 930 1366 suae
944 1314 1073 1366 enarrat.
1094 1305 1169 1366 Inde

127 1408 184 1448 uae
203 1389 244 1448 ad
263 1388 501 1469 Chronologiam
521 1394 729 1473 pertinebant,
758 1393 868 1453 aelecta
891 1392 1038 1470 quaedam
1065 1411 1170 1451 excer-

127 1515 135 1530 .
181 1475 262 1534 Sunt
287 1486 393 1537 autem
415 1477 499 1539 baec.
543 1478 675 1538 Palemon
701 1477 801 1557 coepit
821 1485 980 1556 anapectua
1000 1496 1065 1538 aeae
1088 1476 1170 1543 circa

125 1557 189 1617 aelli
212 1559 318 1620 civilia
333 1561 369 1624 A.
383 1562 414 1623 G
427 1562 622 1623 Mcccxnlt
636 1563 708 1626 cod
722 1565 792 1641 Bag.
807 1562 861 1623 sol.
874 1566 948 1627 296.
960 1579 991 1620 v·
1015 1561 1093 1643 Περί
1107 1585 1169 1624 που

125 1646 198 1704 :eoin
212 1641 347 1725 πρὸτοῦ
356 1649 503 1729 σωτηρίου
511 1643 634 1723 πάθους
644 1649 799 1729 νηστίμιον
806 1643 937 1727 ἡμερῶν,
950 1645 982 1705 id
990 1654 1045 1724 eat,
1053 1646 1170 1706 οἰνοίοιν

125 1751 135 1785 a
154 1724 451 1811 Quadrugeaimum,
472 1732 643 1814 patriarcha
655 1734 794 1794 Palamae
814 1729 976 1810 aignificat,
997 1741 1170 1811 anapectum

125 1812 151 1871 bi
173 1822 205 1874 et
226 1814 388 1893 Augustae
412 1836 491 1894 eaae,
513 1821 647 1899 petitque
666 1818 703 1878 ab
726 1839 779 1894 eo,
801 1825 836 1876 ut
849 1834 951 1875 aecum
969 1816 1008 1874 ad
1027 1813 1106 1875 banc
1119 1834 1169 1874 ve-

127 1896 257 1959 alendae
266 1899 336 1961 eiua
345 1900 630 1982 σοορίοἰοοίοοοοοο,
645 1904 697 1964 fol.
705 1905 778 1970 295.
787 1921 817 1961 v.
826 1901 881 1961 lin.
891 1899 946 1963 ult
974 1898 1171 1960 lnIlominicz

125 2004 180 2043 um
200 1985 340 2064 appellit
360 1987 539 2065 Byzantium
558 1986 577 2051 ὅ
594 1992 734 2069 Προῖτος,
757 1987 791 2047 id
813 1995 867 2062 eat,
890 1985 1006 2046 Primae
1022 1994 1170 2044 mennate-

140 2070 255 2128 montia
272 2069 360 2130 Atho
374 2073 555 2149 moderator,
575 2073 630 2133 tol.
650 2077 724 2139 296.
738 2091 767 2132 ν.
785 2070 880 2137 lin.3.
912 2070 1024 2130 Exacta
1038 2069 1170 2128 Domini·
1243 2068 1250 2075 ’

125 2154 238 2214 aaionia
266 2152 476 2233 hebdomade,
504 2178 541 2217 ac
564 2159 702 2238 aequanti
722 2156 859 2230 ineunte,
886 2155 1021 2215 Palamna
1041 2155 1170 2235 patriar-

125 2239 232 2298 inviait
258 2248 293 2300 et
314 2241 480 2321 Auguatam
492 2287 502 2319 ,
529 2242 603 2303 ibid.
627 2243 681 2303 lin.
702 2247 729 2308 6.
774 2241 881 2301 Statim
896 2250 966 2321 poet
982 2239 1168 2299 Dominicam

127 2325 185 2388 ἰων
198 2322 357 2406 πατέρων,
379 2326 458 2389 intra
473 2337 610 2388 octavam
623 2327 826 2402 Aaceneionia,
849 2327 965 2386 consent
979 2345 1010 2386 ae
1022 2324 1054 2384 in
1066 2345 1167 2385 mona·
1220 2373 1222 2378 .

126 2409 327 2488 aaregione
353 2412 490 2493 Byzantii
507 2414 612 2487 eitum,
633 2412 705 2473 ibid.
724 2410 828 2471 infima
850 2432 919 2492 pag.
962 2409 1050 2485 Inde,
1071 2429 1167 2471 verno

126 2514 163 2570 ·e,
184 2493 218 2554 in
233 2495 328 2556 aliam
348 2497 470 2558 domum
482 2520 501 2558 a
515 2497 646 2559 tumultu
663 2497 786 2556 nautico
804 2506 950 2557 remotam
964 2497 1090 2569 tramit,
1112 2495 1167 2556 fel.

126 2598 157 2638 n.
172 2584 203 2645 3.
248 2580 361 2642 Paucis
375 2583 480 2644 diebua
493 2581 660 2643 interiectio
674 2583 829 2661 quaesitus
842 2603 861 2641 a
874 2580 1004 2662 quodam
1024 2581 1168 2641 ecclesiae

126 2685 170 2738 to,
192 2685 250 2726 nec
265 2665 425 2743 inventur,
448 2668 481 2727 in
495 2666 607 2726 Urbem
622 2666 716 2742 redit,
736 2665 812 2725 ibid.
830 2666 882 2727 liu.
899 2666 931 2732 4.
973 2666 1097 2724 Ineunte
1117 2684 1169 2724 au-

126 2770 140 2807 ο
155 2750 340 2811 Heracleam
357 2752 479 2824 secedit,
503 2761 533 2809 et
544 2750 586 2809 ibi
603 2769 663 2831 per
681 2758 811 2827 quatuor
826 2769 941 2809 menaea
955 2757 1168 2824 commoratur,

127 2835 153 2899 5.
169 2835 225 2899 lin.
239 2841 270 2902 6.
285 2837 344 2898 tot
359 2835 431 2903 284.
448 2856 478 2896 v.
493 2835 526 2895 in
538 2835 591 2894 inl.
608 2853 676 2912 pag.
691 2833 743 2893 sol.
758 2838 831 2899 299.
845 2853 875 2892 v.
887 2833 919 2892 iu
935 2831 992 2891 line
1007 2852 1073 2912 pag.
1094 2832 1168 2892 Inde

127 2919 339 2982 neecxtltl.
352 2940 501 2995 reveraur,
521 2919 554 2979 in
570 2918 696 2979 aedibua
713 2921 742 2977 S.
756 2916 887 2997 Sophiae
899 2927 1100 2978 commoratur
1113 2938 1169 2998 per

127 3024 166 3064 nn
183 3005 321 3067 duorum
341 3007 487 3067 menainm
503 3006 651 3086 epatium,
674 3003 727 3063 sot
740 3007 814 3069 284.
829 3023 859 3064 v.
878 3003 956 3063 med.
970 3023 1039 3083 pag.
1082 3004 1168 3063 Com.
1230 3032 1240 3049 ·

127 3089 216 3151 iditur
231 3101 263 3151 et
276 3092 311 3151 in
325 3091 492 3152 cuatodiom
506 3090 595 3150 datur
611 3088 698 3170 ἔαρος
719 3094 898 3169 μεσοῦντος,
920 3087 980 3148 bod
1002 3097 1063 3166 eat,
1087 3089 1169 3149 cirea

127 3177 271 3236 amentia
293 3176 376 3253 Maii,
398 3177 451 3238 sol.
472 3176 545 3242 285.
565 3175 618 3236 lin.
635 3181 666 3241 7.
707 3175 856 3256 Ignatiua,
878 3172 1049 3255 patriarcha
1067 3175 1169 3234 Antio·
1196 3208 1200 3215 ,

127 3279 145 3336 t,
165 3262 350 3340 Byzantium
369 3263 451 3322 venit
468 3281 547 3319 anno
561 3269 630 3339 poet
645 3259 808 3320 Andronici
822 3259 950 3320 iunioris
967 3269 1093 3320 mortem
1109 3270 1168 3320 ter·

128 3346 248 3424 npleto‚
270 3347 309 3407 A.
324 3334 356 3406 (l.
371 3345 577 3408 MCCCXLIV.
590 3344 643 3404 tol.
656 3349 729 3412 283.
744 3364 774 3404 v.
794 3345 845 3403 lin.
861 3349 912 3409 20.
954 3345 1105 3420 Palamaa,
1127 3345 1167 3405 ad

128 3428 186 3491 boa
205 3433 319 3492 muntia
339 3430 420 3492 Atho
443 3432 576 3492 arribena
597 3430 631 3490 A.
647 3429 678 3489 C.
698 3428 920 3505 nlcecxtvt,
942 3429 984 3490 ait
1003 3450 1035 3490 ae
1052 3453 1166 3511 περικε-

129 3512 198 3580 ἕνον
218 3512 348 3598 alapiona
366 3517 418 3581 lat
439 3516 528 3580 δυσὶν
550 3516 699 3589 ἐνιαυτοῖς
718 3511 800 3596 ἤδη,
828 3515 862 3575 id
886 3524 948 3591 eat,
977 3536 1087 3577 annum
1108 3516 1166 3576 iam

128 3621 152 3659 m
175 3603 311 3683 elapautn
335 3623 414 3679 eaae,
442 3622 481 3664 ez
506 3621 566 3680 quo
587 3600 723 3660 incluaua
745 3609 900 3676 teneatur,
924 3599 976 3661 fol.
992 3606 1065 3668 299.
1087 3600 1167 3660 inira

128 3705 184 3763 rag.
224 3687 364 3749 Nondum
378 3709 413 3750 eo
429 3698 565 3767 tempore
580 3696 684 3745 coacta
703 3696 769 3748 erat
785 3686 818 3746 in
834 3706 901 3746 eum
921 3686 1071 3767 Synodua.
1092 3685 1167 3745 ibid.

129 3790 172 3846 ua,
191 3772 364 3853 patriarcha
382 3770 603 3848 Antiochenua,
624 3772 770 3851 Byzantio
786 3771 922 3846 excedit,
944 3770 1037 3831 literia
1054 3771 1093 3831 ad
1112 3791 1168 3851 pa·

129 3853 191 3917 bam
210 3859 573 3940 Conatantinopolitznum
592 3867 697 3916 contra
712 3857 860 3917 Pulnmom
876 3857 1007 3937 scriptia,
1026 3857 1079 3915 sel.
1092 3861 1167 3921 282.

143 3945 168 4004 1.
210 3943 291 4004 liaeo
317 3946 426 4023 Regina
448 3944 499 4004 illa
515 3943 629 4002 Codex.
673 3942 835 4020 Aliquanto
854 3952 927 4023 poat
945 3942 1080 4002 Palamaa
1098 3961 1167 4000 oar-

130 4027 245 4103 miaaua,
260 4050 344 4101 ,anno
357 4032 424 4111 ipao
441 4026 489 4115 (ut
501 4022 621 4112 opinor)
636 4025 843 4089 MCCCXLVl.
885 4028 996 4088 Tamen
1016 4029 1167 4087 Cantacu-

136 4109 184 4171 lib.
197 4114 249 4175 ΙΙΙ.
265 4135 329 4195 cap.
342 4115 396 4176 ult.
408 4136 476 4196 pag.
488 4118 561 4181 699.
577 4111 697 4187 acribit,
717 4113 867 4174 Palnmam
884 4112 983 4174 adhuc
1001 4113 1033 4173 iu
1047 4132 1167 4172 carcere

138 4214 172 4254 σο
192 4207 325 4280 tempore
342 4220 400 4278 quo
417 4201 483 4281 ipae
502 4198 612 4258 Urbem
634 4197 714 4277 cepit
721 4219 730 4274 3
754 4210 843 4281 atque
859 4220 945 4275 eum,
967 4218 1035 4259 cum
1052 4196 1167 4257 Andro.

130 4278 211 4342 laone
225 4288 368 4346 eductum
388 4305 405 4344 e
423 4282 578 4361 ennodio,
595 4281 715 4345 veuiaae
730 4284 770 4344 nd
793 4306 825 4348 ae
840 4285 883 4347 ait
899 4289 1002 4346 Annae
1017 4285 1168 4362 Auguatae

144 4365 274 4446 legatum.
316 4390 431 4435 aornar.
562 4414 569 4429 .
