2992 4792
237 343 314 417 790
553 351 788 424 NICEPHORI
808 350 1048 423 GREGORAE
1112 387 1115 396 =

73 525 103 579 d
116 518 417 607 Medionepaeylraras
439 514 490 584 καλ
520 510 636 600 κόσμος
660 523 699 607 τῇ
719 516 801 608 ἀρχῇ
819 522 1065 609 δημιουργεῖται·
1092 517 1330 609 ἀναλογίανγδρ

106 595 383 718 ΙΙ’ἀ“15ῐ,ιὲ’γ,εινβίρι
395 624 486 686 παντί
508 620 549 686 τά
562 618 729 708 χρήματα,
757 625 808 689 καί
823 607 1095 707 μάλισταπάντων
1105 632 1176 700 ταῖς
1191 618 1331 707 ἡγεμονι-

196 747 206 755 ’
237 735 306 806 καῖς
319 724 446 810 ἀρχαῖς,
471 721 580 790 ὁποίαν
600 721 700 810 δήπου
721 736 788 803 τοῖς
803 734 878 793 πᾶσι
898 725 985 808 ζώοις
1000 724 1020 812 ἦ
1036 732 1100 793 τῶν
1117 731 1234 813 νεαρῶν
1249 722 1329 808 σόα-

193 890 197 898 ,
236 828 326 912 πηξίς
346 851 380 892 τε
403 829 461 893 καλ
475 824 589 912 ἀρμονί
608 878 617 894 .
657 826 726 919 (ς’.)
746 827 845 895 Ὅθεν
864 826 989 897 ἐλθόντι
1018 835 1063 919 τῷ
1084 830 1331 918 Καντακονζηκρλ

200 959 205 973 ν
235 927 332 996 πάντ’
347 922 387 1014 ἦν
402 927 579 998 παντάπασι
594 932 782 1016 κεκενωμίνα
803 932 843 998 τά
854 933 1007 1015 βασιλέων
1020 942 1160 1016 ταμιεῖα·
1187 933 1239 996 καλ
1251 930 1354 1016 nisisi

235 1033 393 1128 ἇίροςκιιί
416 1031 527 1111 κόνεως
549 1037 600 1099 καλ
622 1042 685 1102 τῶν
703 1035 915 1125 Ἐπικουρείων
932 1039 1023 1102 είπεΐν
1039 1031 1180 1119 ἀτόμων,
1208 1031 1335 1121 ειῖρηται
1452 1085 1453 1112 q

233 1137 327 1206 πλίον
345 1136 435 1230 ovidio
448 1138 480 1203 ἓν
495 1137 609 1215 αὐτοῖς.
638 1139 707 1205 δίον
723 1132 779 1207 οὖν
796 1142 924 1224 ζητῆσαι
934 1140 985 1204 καί
1000 1145 1106 1222 λαβεῖν
1120 1136 1141 1203 ἀ
1155 1137 1212 1220 μὲν
1229 1138 1262 1201 ἐκ
1279 1139 1334 1220 τῆς

135 1251 166 1305 Ρ.
175 1249 228 1308 497
233 1240 394 1327 βασιλίδος
401 1239 511 1325 Ἄννης
532 1244 574 1317 είς
594 1241 650 1319 τάς
664 1249 727 1309 τῶν
745 1248 913 1327 βασιλικῶν
926 1235 1078 1327 ίνεργειῶν
1093 1239 1260 1325 ἀναγκαίας
1276 1241 1335 1306 δα·

234 1341 352 1420 πόνος·
380 1341 402 1409 ἀ
417 1343 452 1409 δ’
468 1345 501 1409 ἐκ
514 1351 577 1410 τῶν
589 1345 629 1410 ad
646 1344 781 1430 δημόσια
796 1342 1064 1430 κατεδηδοκότων,
1089 1342 1231 1410 κάκεῖθεν
1246 1366 1334 1428 παρι-

234 1447 375 1531 σαμίνων
389 1445 445 1531 τὴν
467 1454 524 1514 τοῦ
547 1454 689 1515 πλουτεῖν
709 1449 871 1536 εὐπορίαν,
893 1447 952 1514 κάκ
969 1445 1108 1532 πενήτων
1122 1442 1204 1512 πάνυ
1219 1469 1268 1512 τοι
1283 1461 1370 1529 γε-ίο

233 1548 369 1638 γονάτων
394 1551 539 1637 ἐξαίφνης
559 1553 734 1618 πλουσίων
765 1548 781 1618 ό
806 1554 841 1618 dd
861 1557 962 1638 σιωπῇ
982 1550 1179 1638 παρίδραμεν
1192 1547 1332 1613 ἅπαντα·

234 1654 320 1734 τίδ’,
348 1649 391 1729 ὥς
411 1653 479 1735 ἐμοὶ
501 1657 600 1737 δοκεῖ,
628 1661 667 1743 τῇ
690 1665 830 1743 συμφυεῖ
844 1658 896 1721 καί
916 1650 1081 1743 συντρόφῳ
1097 1648 1248 1740 πραότητι
1261 1648 1335 1714 κάν·
1368 1645 1372 1652 ’

233 1762 342 1823 rodae
353 1753 530 1842 χριόμενος·
558 1757 624 1824 εἴθ’
633 1806 645 1839 ,
673 1754 746 1835 oiri
767 1765 831 1825 τῶν
853 1760 1004 1824 πλείστων
1015 1753 1132 1844 ἐκράτει
1148 1752 1255 1840 λόγος,
1274 1754 1337 1818 δει-

235 1862 304 1935 λίας
325 1885 358 1925 τε
384 1860 605 1945 συνισχημὲνος
630 1857 759 1947 τρόποις
779 1862 812 1940 ἔξ
833 1859 994 1948 όμοφυοῦς
1014 1883 1096 1936 τινος
1118 1857 1263 1950 ἀφελείας
1285 1856 1337 1920 καί

205 1961 302 2047 Βάμα
319 1962 428 2040 δεδιιδς
451 1960 604 2049 ἀδόκητόν
619 1989 688 2029 τινα
705 1960 833 2045 στάσιν,
852 1964 906 2031 ,ἔτι
926 1961 1158 2049 τεταραγμένων
1173 1959 1259 2048 αὐτῷ
1274 1963 1336 2023 τάν
1343 1972 1372 2026 15

76 2132 82 2149 Ι
140 2063 426 2153 7.402πραγμάτων
455 2070 507 2132 καλ
535 2063 708 2148 ἀνωμάλων
736 2065 842 2133 όντων.
886 2064 956 2157 (Z.)
984 2069 1142 2131 Τοσοῦτον
1170 2062 1229 2148 γὰρ
1258 2060 1335 2126 ἀπί-

240 2194 331 2254 σχετο
344 2175 401 2235 τοῦ
422 2171 531 2254 μηδενὶ
554 2168 601 2233 δι’
620 2168 712 2252 ὄχλου
728 2170 873 2254 γενίσθαι
887 2175 951 2235 τῶν
965 2166 1064 2247 όσοις,
1087 2173 1133 2257 τῷ
1148 2171 1245 2253 καιρῷ
1258 2163 1337 2252 πρός

236 2269 378 2361 ἁρπαγὴν
394 2271 602 2357 χρησαμένοις
623 2269 776 2361 συμμάχῳ
786 2321 797 2352 ,
824 2273 1042 2355 διανείμασθαι
1063 2265 1280 2348 ξυνεπεπτιόκει
1296 2263 1335 2331 τά

235 2401 270 2443 τε
294 2376 391 2441 αάτοῦ
415 2378 467 2440 καί
488 2374 529 2440 τά
548 2380 612 2439 τῶν
635 2372 919 2459 ἀκολουθησάντων
935 2374 1020 2463 αὐτῷ
1032 2369 1217 2461 πράγματα,
1241 2372 1339 2445 οίιιίιις

235 2506 269 2546 τε
285 2481 335 2545 καὶ
351 2477 465 2563 ἀγροάς
485 2478 625 2562 δηλαδὴ,
655 2479 707 2542 καὶ
729 2476 791 2544 ὅσα
800 2477 919 2564 χρυσός
940 2479 990 2542 καί
1005 2473 1167 2564 μάργαρας
1183 2477 1235 2540 καὶ
1253 2475 1374 2539 adorto

205 2587 409 2658 ὓπολυτελεῖς
424 2582 678 2665 σονοικοδομοῢσι
692 2583 744 2646 καλ
765 2583 1021 2668 συνυφαίνοοσιν·
1049 2578 1128 2646 ὥστε
1141 2581 1193 2643 καί
1207 2577 1338 2664 ὀφείλων

236 2686 407 2753 ἀποδοῦναι
428 2686 507 2773 πρός
526 2691 589 2751 τῶν
607 2681 793 2769 ἧρπακότων
809 2680 995 2770 ἀνειληφότα
1009 2683 1066 2767 μίν
1078 2681 1116 2748 td
1131 2683 1240 2747 οίκεΐον
1255 2678 1339 2745 δίπαν

235 2787 387 2879 πρότερον
401 2800 467 2867 τοῖς
478 2789 609 2876 μυρίους
623 2784 867 2872 ὑπομεμενηκόσι
879 2787 923 2852 δι’
943 2785 1037 2852 αὐτόν
1055 2780 1223 2863 κινδάνοος,
1240 2807 1339 2869 προσ·

236 2896 408 2961 αποδοῦναι
423 2892 457 2958 δ’
475 2887 517 2958 αά
537 2895 588 2956 καὶ
607 2891 648 2957 τὰ
664 2902 729 2968 τοῖς
748 2887 854 2968 πόνοις
873 2886 1010 2977 ἀνάλογα
1030 2883 1156 2954 inaniri
1173 2909 1298 2976 σφισιν,
1320 2881 1338 2952 ό

304 3021 331 3075 7.
349 3018 369 3076 ἃ
385 3019 446 3074 edd.
463 3018 538 3073 Boiv.

236 3128 355 3178 nameala
366 3121 469 3193 imperii
482 3121 643 3175 madenam
659 3121 791 3192 pertinere
801 3122 867 3177 enim
881 3122 1005 3194 pecuniae
1019 3121 1144 3177 rationem
1156 3120 1190 3175 ad
1201 3117 1341 3191 quenlibet

236 3202 346 3257 statum
364 3193 472 3245 maxime
484 3208 547 3245 vero
567 3192 600 3244 ad
620 3193 782 3262 principatus
801 3194 1003 3258 conservandos,
1021 3191 1055 3245 sd
1088 3208 1136 3244 uos
1153 3185 1240 3243 iffae
1252 3190 1341 3252 ade,

235 3270 268 3315 ut
280 3262 315 3315 ad
331 3261 482 3315 animantem
494 3261 634 3331 compactio
647 3270 675 3314 et
688 3262 875 3330 coagmentitio
888 3278 1032 3314 nervorum.
1067 3264 1081 3328 (
1105 3260 1141 3328 Ι.)
1159 3257 1280 3310 Offeadit
1289 3259 1341 3310 ita-

237 3348 289 3401 que
304 3331 497 3384 Cantacuaenus
509 3332 643 3384 thesauros
655 3331 835 3402 imperatorum
847 3347 933 3383 omnes
946 3331 1047 3383 omuino
1061 3329 1209 3391 exhaustos,
1226 3323 1342 3395 nihilque

235 3399 311 3453 iniis
326 3408 429 3469 praeter
442 3401 519 3453 inane
536 3409 564 3453 et
578 3400 709 3470 pulverem
723 3407 752 3453 et
761 3401 906 3471 Epicureas
919 3401 964 3467 (ut
978 3400 1018 3451 ita
1030 3399 1127 3465 dicata)
1140 3405 1248 3451 awraos.
1274 3397 1340 3448 Caua

235 3467 318 3538 igitur
331 3486 454 3539 quaerere
464 3477 492 3522 et
507 3470 626 3540 soaipere
646 3477 782 3540 oporteret
797 3468 889 3539 partim
911 3470 944 3522 ab
960 3466 1123 3552 imperatrice
1136 3470 1225 3529 Anna,
1242 3464 1277 3518 ad
1292 3481 1340 3517 ns-

237 3538 366 3591 osssarias
380 3539 537 3592 lunationum
548 3538 768 3609 imperatoriamm
781 3539 918 3621 impensas,
933 3547 1027 3608 partim
1038 3538 1072 3589 ab
1086 3535 1128 3600 iis,
1141 3535 1186 3606 qui
1199 3534 1339 3605 rempubli-

237 3624 294 3662 oara
307 3608 453 3679 depeculnti
467 3605 585 3672 luissent,
602 3616 631 3661 et
643 3625 683 3661 ma
721 3623 737 3661 a
749 3608 799 3661 sibi
812 3609 874 3660 ande
886 3622 963 3677 opum
975 3607 1004 3660 vl
1016 3612 1109 3676 parata
1120 3620 1154 3657 ex
1164 3603 1284 3672 inopibus
1297 3602 1340 3654 di·

236 3677 330 3730 tissimi
341 3678 428 3732 atatim
440 3676 598 3742 evasissent3
616 3676 690 3729 illesi
701 3677 770 3729 entio
784 3676 869 3729 anania
898 3677 1053 3730 raeteribate
1069 3674 1135 3736 sive,
1147 3681 1179 3726 ut
1190 3672 1252 3725 mihi
1264 3671 1341 3725 vide·

236 3752 296 3811 tar,
314 3763 384 3801 auara
400 3746 468 3799 illam
487 3747 628 3815 ingenitam
650 3747 819 3814 coalitamque
837 3745 968 3798 lenitatem
986 3746 1012 3798 in
1031 3762 1062 3798 eo
1082 3759 1182 3813 queque
1197 3741 1340 3804 retineret3

237 3815 308 3876 sive,
325 3824 356 3869 ut
367 3814 482 3885 plerique
495 3814 665 3878 dictitabant,
681 3813 778 3868 timidis
791 3813 903 3866 monibus
919 3813 1130 3884 praepediretur,
1146 3810 1258 3863 asmrali
1271 3825 1341 3878 que·

238 3884 298 3937 dana
312 3886 388 3939 anind
402 3884 560 3949 humilitate3
578 3891 606 3938 et
618 3885 694 3953 quia,
711 3882 821 3937 turbidis
833 3884 918 3937 adhuc
936 3885 1014 3937 rebus
1034 3891 1061 3937 et
1075 3879 1186 3934 nondum
1204 3877 1342 3940 ordinetis,

238 3953 401 4024 improvisam
420 3954 530 4025 eliquare
550 3954 702 4006 seditionem
720 3952 907 4006 extimesceret
948 3949 1037 4021 (VII.)
1055 3952 1167 4004 Tantum
1185 3964 1277 4017 nempe
1296 3947 1344 4001 ab·

239 4034 306 4088 erat,
322 4029 353 4076 ut
364 4022 484 4077 molestae
495 4031 565 4076 esset
575 4023 620 4075 ulli
634 4038 730 4085 eorum,
751 4021 795 4092 qui
808 4027 924 4091 tempore
936 4020 978 4072 usi
991 4022 1025 4075 sd
1037 4018 1184 4090 rapiendum
1198 4021 1342 4086 opportuno

238 4092 331 4163 partiti
344 4093 451 4146 interae
462 4093 572 4146 luissent
585 4109 642 4149 αιιιο
654 4092 736 4172 ipsius
748 4090 867 4174 proprias
881 4090 1029 4154 facultates,
1048 4097 1102 4142 tura
1114 4102 1211 4149 eorum,
1226 4086 1274 4155 qui
1286 4099 1341 4165 euna

238 4161 341 4231 sequuti
354 4167 443 4224 erant3
461 4161 548 4215 domos
563 4179 653 4232 nernpe
672 4168 700 4214 et
711 4162 827 4229 praedia,
845 4165 872 4212 et
886 4175 1055 4229 quaeeunque
1073 4173 1136 4210 euro
1148 4171 1180 4207 aa
1195 4153 1343 4222 margarita!

257 4232 394 4285 retiosisre
407 4230 534 4301 lapidibus
546 4247 592 4284 seu
604 4229 808 4300 compinguntur,
820 4244 865 4281 seu
879 4235 1068 4293 contexuntur;
1084 4235 1114 4279 ut
1125 4224 1210 4286 immo,
1227 4240 1285 4276 anns
1296 4222 1343 4273 de-

238 4248 322 4368 leret,
340 4301 421 4371 priano
436 4300 536 4369 quidem
550 4318 604 4354 rena
619 4316 715 4353 omnem
730 4298 895 4359 familiarem,
913 4297 993 4351 abiis
1008 4297 1052 4366 qui
1063 4292 1234 4378 diripuissent
1246 4289 1343 4362 repeti-

238 4375 301 4438 tarn,
317 4371 456 4426 restituere
468 4369 511 4436 iis,
524 4371 569 4442 qui
578 4369 694 4441 pericula
704 4384 753 4440 pro
766 4385 796 4422 ss
809 4366 911 4422 infinite
924 4366 1065 4432 abiissent,
1082 4362 1177 4418 deinde
1191 4370 1220 4417 st
1230 4358 1344 4433 praeuia
