2992 4792
244 364 321 437 932
544 365 780 439 NICEPHORI
800 362 1041 433 GREGORAE

82 550 110 601 Δ.
124 547 233 602 nsaw
245 536 318 624 μέν,
346 532 401 601 ἀπ’
417 532 530 599 ἐκείνου
547 531 579 597 ‹i‘
596 529 635 598 οά
644 551 653 568 ·
680 529 760 597 ἀλλά
777 524 881 597 πάντα
901 525 1003 612 πάσης
1023 527 1129 610 έπίσης
1150 528 1207 607 τῆς
1227 517 1346 591 τοότων

121 615 231 744 limi&
246 640 381 724 μετέχειν
402 638 552 702 δέδεικται
572 631 711 723 φύσεως,
739 631 819 699 κατὰ
840 631 898 717 τὴν
921 632 1003 697 ίιλίον
1024 631 1138 696 έκαστα
1160 624 1293 710 όόναμέν
1311 653 1344 693 τε

157 725 165 741 ’
248 746 299 810 καὶ
317 739 484 824 βοόλησιν·
511 738 592 806 οὕτω
612 740 663 803 καί
678 735 695 803 ό
711 744 767 820 τῆς
780 737 911 813 πίστεως
927 731 1033 819 λόγος,
1058 731 1175 808 ἀτελοῦς
1190 734 1242 796 καί
1256 730 1345 797 ἀποί-

246 852 348 925 ιιιλος,
377 850 470 910 πᾶσιν
487 845 594 925 ἐπίσης
615 840 772 916 πλουσίοις
790 841 841 905 καί
861 838 968 921 πένησι
990 838 1113 903 δέδοται
1120 885 1131 918 ,
1161 832 1294 921 ἀρχουσί
1313 858 1345 900 τε

146 988 151 999 ·
245 950 298 1015 ani
313 947 503 1033 ἀρχομένοις.
536 945 581 1011 Οό
595 944 655 1029 γὰρ
672 944 747 1009 ἀλλο
763 945 820 1024 μέν
839 941 874 1008 τὸ
889 941 1043 1023 βασιλέων
1062 943 1112 1006 καί
1129 935 1286 1024 ἡγεμόνων
1304 933 1364 1004 aba

244 1078 295 1118 ναι
316 1047 479 1133 βάπτισμα
500 1045 612 1131 νόμος,
642 1047 717 1112 ἀλλο
739 1047 774 1112 δέ
793 1044 828 1111 τό
845 1044 1024 1110 σκαπανίων
1044 1046 1095 1109 καὶ
1119 1039 1246 1109 ἀλιέων·
1273 1040 1345 1107 οὐδ’

245 1155 358 1220 έκείνου
373 1154 429 1236 μέν
443 1149 513 1218 τόόε
522 1200 533 1231 ,
562 1152 654 1216 έκεῖνο
675 1149 709 1215 δὲ
730 1151 840 1215 rosiris·
867 1146 937 1213 ἀλλ’
957 1144 992 1213 έν
1007 1149 1056 1212 καί
1071 1144 1185 1212 ταύτόν
1200 1148 1252 1211 καί
1272 1150 1349 1210 πᾶσι

215 1260 297 1325 Βκαλ
315 1256 370 1323 ἀεί.
397 1256 458 1336 „iv
472 1252 516 1320 όνλ
531 1254 590 1339 γὰρ
615 1255 724 1342 (φησίν
738 1249 754 1319 ό
771 1248 956 1336 ἀπόστολος)
972 1247 1119 1332 πνεύματι
1134 1246 1222 1332 ἡμεῖς
1236 1245 1350 1324 πιόντες

244 1363 287 1437 είς
305 1358 339 1424 έν
361 1365 453 1442 σῶμα
474 1358 708 1441 ἐβαπτίσθημεν
722 1355 837 1436 αὐτοῦ,
862 1353 920 1420 εἴτε
935 1353 1080 1419 Ἰουδαῖοι
1087 1402 1097 1433 ,
1121 1350 1347 1436 εέτεἛλληνες,

243 1462 303 1531 εἴτε
326 1465 451 1540 δοῦλοι,
480 1460 538 1527 εἴτε
557 1457 735 1546 έλεόθιροί·
761 1462 812 1524 καί
831 1455 943 1533 πάντες
962 1459 1005 1533 είς
1021 1453 1056 1522 έν
1074 1462 1195 1539 πνεῦμα
1217 1456 1382 1536 &nusi-tt

244 1564 410 1649 orppffl·
428 1560 472 1639 ὥς
487 1562 526 1629 ἀν
539 1565 670 1647 μηδαμῆ
681 1564 791 1646 μηδενί
806 1568 868 1628 τῶν
881 1566 999 1625 πιστῶν
1015 1558 1052 1626 τό
1070 1559 1194 1638 ζωτικὸν
1208 1555 1252 1635 ὥς
1269 1557 1350 1642 ἀλη-

244 1674 316 1745 θῶς
330 1674 386 1750 τῆς
404 1673 509 1749 ψυχῆς
526 1669 713 1749 ζημιοῦσθαι
729 1668 781 1754 ἐξῇ
791 1714 801 1745 ,
828 1661 906 1748 μήτε
923 1661 1003 1728 καθ’
1022 1660 1198 1746 οἷονόήτινα
1221 1659 1347 1746 χρόνον,

216 1790 240 1843 c
245 1767 324 1854 μήτε
337 1768 418 1835 καθ’
436 1766 612 1854 οἱονόὴτινα
625 1766 751 1854 τρόπον.
778 1771 844 1834 Καὶ
857 1766 959 1850 ὥσπερ
975 1767 1043 1846 έκεῖ,
1071 1765 1151 1832 κατὰ
1164 1765 1222 1846 μέν
1236 1765 1273 1831 τὸ
1296 1771 1350 1849 τῆς

245 1873 413 1959 ἀναγκαίας
425 1874 531 1959 χρείας
546 1869 714 1957 ἀνάλογον,
743 1873 794 1937 καλ
810 1867 829 1954 ἦ
844 1876 906 1936 τῶν
929 1869 1101 1954 ἀναγκαίων
1118 1871 1275 1952 στοιχείων
1299 1871 1349 1949 ζυ-

245 1985 439 2063 γοσταττῖται
460 1979 610 2061 χορηγία,
639 1971 885 2059 πολόχουςόμοό
900 1975 950 2038 καὶ
972 1969 1130 2057 ἀνενόεής·
1156 1971 1198 2037 τὰ
1219 1970 1254 2038 δ’
1272 1970 1382 2039 ἀλλ’15

246 2077 339 2145 όπόσ’
358 2078 555 2163 ἐνδεχομένην
570 2079 637 2162 έσχε
652 2078 709 2162 τὴν
720 2080 839 2163 χρείαν,
854 2079 904 2140 καί
918 2073 1028 2160 ἣκιστα
1040 2081 1134 2142 πᾶσιν
1150 2075 1257 2160 έπίσης
1271 2071 1347 2141 ίπό-

245 2206 362 2267 ηουσαν
376 2179 434 2264 τὴν
449 2179 594 2265 ἀνάγκην,
604 2177 800 2266 σπανιιότερό
814 2204 880 2255 ποις
895 2182 945 2245 καὶ
959 2178 1038 2244 ἀλλα
1051 2178 1156 2255 ἀλλοις
1171 2177 1344 2267 προσώποις

246 2286 298 2349 καὶ
314 2283 395 2349 ἀλλα
408 2282 514 2359 ἀλλοις
526 2285 677 2369 μερίζεται
691 2280 798 2359 τόποις
806 2331 817 2363 ,
845 2288 900 2366 τῆς
915 2281 992 2367 πρὸς
1006 2278 1159 2367 ἀλλήλους
1179 2284 1262 2348 treas
1283 2307 1345 2369 pu-

244 2392 333 2469 σικῆς
348 2381 485 2461 ένιόσειός
498 2410 531 2451 τε
547 2389 598 2452 ναί
619 2387 768 2469 σχέσεως,
796 2381 879 2451 οὕτω
900 2382 1065 2451 κάνταῦθά
1087 2410 1141 2468 μοι
1164 2384 1271 2450 σκόπει
1292 2383 1347 2461 τὰς

243 2493 383 2564 ποικιλας
396 2493 458 2554 τῶν
473 2487 591 2571 ἀρετῶν
609 2488 693 2565 ίόέας
705 2489 804 2565 ἀλλος
817 2486 918 2564 ἀλλως
933 2484 1037 2565 ἀλλοις
1041 2537 1052 2568 ,
1081 2489 1129 2552 tut
1142 2495 1205 2555 τῶν
1220 2490 1381 2555 συστοί-ίῦ

241 2617 308 2676 χων
324 2593 399 2669 ἴσως
417 2594 469 2657 καὶ
484 2592 656 2660 ἀντιθέτων
670 2588 913 2675 ἐλαττωμάτων,
939 2591 1137 2678 μεριζομένου
1153 2598 1209 2658 τοῦ
1224 2594 1347 2658 κτίσαν·

214 2703 311 2773 [troc.
338 2695 441 2782 ὥσπερ
457 2695 516 2782 γάρ
531 2699 558 2765 εί
573 2692 589 2762 ὃ
605 2692 730 2762 πόντων
746 2695 810 2761 issi
820 2695 1004 2782 προμηθειλς
1019 2694 1060 2760 τὰ
1073 2700 1129 2761 τοῦ
1140 2697 1214 2775 βίου
1232 2694 1347 2783 τερπνὰ

243 2800 395 2883 όίανέμειν
411 2799 518 2884 έπίσης
534 2797 651 2866 ἅπασιν
670 2798 786 2865 ἅπαντ’
802 2799 905 2866 titios
927 2803 966 2884 τῇ
988 2794 1078 2885 φόσει
1085 2847 1097 2880 ,
1125 2795 1297 2884 ἀνέραστος
1309 2791 1346 2882 ἦν

244 2901 346 2989 δήπου
371 2927 404 2988 ys
426 2904 478 2967 καὶ
499 2902 717 2988 ἀταλαίπωρος
735 2897 756 2987 ἦ
779 2898 899 2967 τοότων
923 2898 1062 2986 ζήτησις,
1089 2901 1223 2985 μηδενὸς
1239 2902 1347 2989 μηόενλ

311 3034 339 3088 9.
356 3026 449 3085 nitori
464 3031 539 3084 abest
550 3029 583 3083 ab
596 3029 684 3086 editis.
760 3035 802 3088 10.
820 3026 1007 3103 ἐποτίσθημεν
1023 3031 1085 3085 libri
1104 3030 1179 3089 aditi·

244 3134 346 3207 quidem
365 3135 398 3187 ab
418 3133 468 3185 boc
488 3149 539 3185 non
557 3133 590 3186 ab
608 3132 652 3186 illo
673 3133 908 3204 participarentur,
929 3135 976 3188 aad
999 3134 1106 3189 solidam
1122 3152 1210 3188 aarum
1228 3138 1348 3189 natum

243 3204 377 3267 omuibus,
395 3220 444 3272 pro
456 3202 605 3254 uniuscuius
625 3219 657 3256 ua
673 3202 782 3273 propria
792 3206 918 3259 facultate
930 3222 961 3259 ac
972 3205 1114 3265 voluntate,
1132 3223 1165 3258 ax
1181 3221 1267 3277 aequo
1280 3220 1349 3257 σοι·

244 3272 368 3328 suunicari
381 3280 499 3336 constat3
517 3272 593 3324 itaet
606 3222 681 3327 ittet
695 3273 823 3338 doctriua,
841 3274 946 3343 simplex
960 3282 1092 3356 sterpeta
1103 3274 1246 3339 satistatis,
1266 3271 1349 3327 onni-

243 3345 295 3397 bus
312 3359 345 3394 ex
363 3359 444 3411 aequo
463 3340 603 3405 divitibus,
619 3343 792 3411 pauperibus,
806 3342 984 3426 principibus,
1002 3342 1112 3413 privatis
1131 3343 1253 3398 traditur.
1288 3342 1349 3395 Nou

243 3412 310 3465 enim
325 3410 396 3465 aliud
415 3411 595 3477 imperatorum
610 3419 637 3464 at
655 3414 762 3477 ducum,
780 3412 991 3468 annotatorum
1010 3420 1038 3465 ot
1047 3413 1204 3481 piscatorum
1218 3412 1350 3481 baptism

243 3498 302 3535 oasa
317 3480 382 3533 iuris
402 3490 461 3534 asts
483 3480 589 3534 nasibi
607 3478 709 3550 quidam
729 3483 792 3543 boc,
816 3480 876 3534 buia
896 3498 958 3535 saro
977 3480 1057 3544 iilud;
1080 3482 1127 3534 aad
1141 3498 1218 3535 uanus
1236 3489 1266 3534 et
1281 3481 1350 3533 idon

242 3549 359 3604 omuibus
380 3557 407 3603 at
422 3567 524 3618 semper
544 3551 705 3619 proponitur.
746 3550 871 3614 „Etenim
884 3550 912 3603 in
927 3567 977 3603 uno
990 3549 1117 3619 spiritn‚”
1134 3549 1217 3620 iuquit
1236 3552 1350 3619 Aposto-

243 3619 298 3682 lus,
316 3635 422 3682 ‚pransa
435 3635 482 3672 nos
495 3619 524 3670 in
537 3636 613 3671 unum
629 3635 724 3688 corpus
736 3618 862 3687 baptizati
874 3636 968 3683 sumus,
985 3620 1041 3672 sisa
1054 3618 1154 3683 Iudaai,
1171 3619 1227 3672 sisa
1238 3618 1350 3680 enea,

243 3688 301 3743 aira
316 3686 403 3752 servi,
420 3688 478 3741 sivo
489 3687 580 3751 libari,
598 3695 625 3740 at
639 3704 725 3742 arunas
738 3686 766 3740 in
781 3705 832 3741 uno
844 3688 941 3758 spiritu
954 3688 1080 3759 baptizati
1091 3688 1216 3752 sumus”;
1233 3705 1267 3740 ne
1281 3686 1350 3740 nilus

244 3773 352 3829 proram
366 3756 480 3814 fidolium
498 3756 579 3826 possit
592 3774 625 3813 ea
636 3774 681 3822 re,
698 3774 765 3825 quaa
778 3757 857 3812 sitam
869 3757 970 3814 animas
982 3757 1081 3829 reipsa
1089 3757 1198 3822 tribuit,
1216 3756 1268 3809 ullo
1281 3764 1351 3811 seo-

278 3834 367 3880 aeaut
381 3826 432 3881 ulio
446 3828 521 3883 ruodo
533 3825 657 3881 fraudari.
692 3830 777 3896 Atque
790 3833 819 3881 ut
829 3825 883 3880 iiiia
893 3826 1009 3896 legitima
1021 3827 1222 3881 saumariorum
1234 3824 1349 3878 alaman·

272 3914 327 3950 runs
347 3898 433 3966 portio
455 3897 559 3965 copiosa
579 3906 608 3950 st
626 3895 660 3948 ad
677 3895 779 3965 plenum
795 3895 997 3966 suppeditatum
1020 3903 1141 3961 aarum,
1157 3911 1265 3966 quorum
1285 3911 1350 3947 usus

242 3967 332 4022 sarius
343 3976 371 4020 at
384 3965 518 4020 mutabilia·
532 3975 589 4028 est,
606 3983 654 4018 nac
674 3965 790 4019 omnibus
800 3982 885 4034 aeque
900 3967 1078 4030 racusanus,
1096 3965 1151 4019 [ωε
1162 3964 1263 4018 rariora
1276 3970 1349 4027 sunt,

242 4036 347 4105 aliaque
365 4034 424 4087 aliis
442 4034 558 4104 personia
573 4042 601 4086 et
619 4033 682 4087 iocis
704 4034 870 4096 dividuntur,
887 4052 938 4118 quo
957 4034 977 4087 ii
996 4035 1137 4088 naturaiaos
1154 4033 1225 4087 intar
1237 4051 1269 4085 sa
1284 4050 1350 4086 oon·

242 4103 397 4160 iunctionetu
412 4111 440 4156 at
456 4101 618 4157 affectionem
630 4103 773 4167 retineantt
789 4102 828 4156 ita
841 4111 868 4156 at
879 4104 922 4157 baa
935 4103 1022 4158 varias
1038 4103 1160 4157 virtutum
1179 4102 1283 4172 speeies
1300 4103 1348 4154 ob-

241 4190 346 4227 servare
359 4179 414 4237 ast,
432 4189 496 4242 quas
509 4173 620 4224 Creator
631 4170 696 4223 alias
712 4173 771 4225 aliis
784 4171 891 4236 divisit,
909 4179 988 4241 prout
999 4174 1110 4227 tortasse
1123 4171 1189 4226 sitia
1207 4172 1239 4225 iis
1253 4170 1348 4224 affinia

242 4241 424 4312 contrariaque
438 4241 607 4295 exsistebant.
642 4240 835 4304 Namnatius,
852 4240 874 4293 ai
884 4240 974 4296 diuina
989 4241 1152 4312 providantia
1164 4246 1274 4294 naturas

241 4311 352 4368 misisset
370 4329 455 4364 omnes
471 4312 541 4364 vitae
561 4309 706 4378 voluptates
723 4309 839 4363 omnibus
858 4327 891 4363 ax
913 4328 996 4382 aequo
1011 4310 1182 4373 distribuere,
1201 4257 1349 4362 {unffi

241 4386 271 4437 ολ
283 4379 411 4440 iniuriosa
428 4380 518 4452 utiquo
535 4386 607 4437 ores
626 4394 714 4434 aarum
733 4378 909 4449 conquiriti03
925 4388 954 4435 at
974 4380 1036 4451 quia
1049 4397 1122 4434 neno
1135 4378 1241 4434 albarius
1256 4377 1345 4432 cuiun·
