2992 4792
209 308 286 382 660
510 311 745 383 NICEPHORI
765 309 1005 380 GREGORAE

44 478 342 567 utinamutinam
361 479 529 562 διαβαίνων
548 479 688 556 ἐπίδοξος
707 470 747 563 ἦν
771 474 787 544 ό
808 474 954 561 βασιλεὺς
980 474 1060 541 κατὰ
1080 478 1137 562 τὴν
1158 473 1310 545 ἐπάνοδον

78 565 172 619 Mn
208 582 287 669 όμοῦ
310 591 355 672 τῷ
377 590 521 673 στρατῷ,
556 579 599 658 ῶς
621 581 660 647 όν
679 583 827 668 ἐξαίφνης
840 580 984 665 ἀγνοοῦσι
1009 581 1078 665 περὶ
1091 581 1147 666 τὴν
1165 579 1311 664 διόβασικ

207 682 434 763 ἐπεισπεσόντες
455 683 638 771 περιβόητον
661 683 798 769 στήσωσι
817 680 965 769 τρόπαιον
981 682 1014 746 ἓν
1034 689 1152 768 βραχεῖ.
1180 681 1311 759 roricone

206 816 239 877 γε
259 790 323 875 μὴν
354 789 384 854 oi
411 786 584 876 πρόδρομοι
609 793 674 854 τῶν
697 792 895 874 στρατιωτῶν
921 791 978 851 τοῦ
1006 788 1159 868 βασιλέως
1188 784 1313 874 πόρρα·

205 901 265 959 θεν
287 889 478 975 θεασόμενοι
502 891 594 957 αότοί
617 917 650 958 τε
666 885 877 976 ἀπεγνώκεσαν
899 891 950 953 καλ
971 889 1094 974 μακρὰν
1114 889 1172 975 τὴν
1195 891 1334 955 διιλίαν5

111 1005 276 1072 villico&
291 1001 465 1079 βασιλικαῖς
481 991 645 1077 δυνάμεσιν
658 990 893 1077 ἔμβεβλήκεσαν.
947 989 1017 1081 (Δ)
1043 994 1108 1058 Καὶ
1128 989 1201 1076 πόχ’
1219 990 1259 1057 όν
1277 993 1310 1057 ἓν

176 1100 309 1188 Ιλίκείνιρ
322 1105 378 1182 τῆς
392 1096 475 1185 door
487 1098 668 1185 ἐφθείροντο
676 1146 687 1178 ,
712 1095 829 1179 μεταξδ
844 1098 930 1161 doctr
945 1103 1088 1181 στρατῶν
1100 1097 1254 1179 πολεμίων
1268 1091 1311 1170 ῶς

206 1202 239 1267 ἕν
257 1198 371 1291 δικτόῳ
389 1196 647 1285 σννειλημμίνοι,’
669 1202 720 1265 καὶ
740 1197 816 1282 ἅμα,
828 1204 883 1264 τοῦ
903 1205 1045 1277 ποταμοῦ
1067 1196 1125 1282 τὴν
1139 1222 1312 1283 στρατοπε-

207 1306 292 1370 δείαν
311 1307 363 1369 καλ
383 1304 441 1388 τὴν
465 1303 664 1391 ὀφειλομένην
685 1298 858 1388 παράταξιν
871 1297 1059 1380 κωλύοντος,
1087 1300 1174 1385 ελμὴ
1187 1300 1262 1378 θεός
1276 1302 1311 1365 ἐκ

206 1414 264 1473 τοῦ
278 1407 387 1491 σχεδόν
401 1404 635 1494 ἀπροσδόκητον
657 1406 821 1491 ἐχαρίσατο
835 1403 893 1488 τὴν
906 1404 1067 1490 ἐπίκουρον
1085 1414 1193 1500 χεῖρα·
1221 1400 1256 1479 ὃς
1269 1402 1311 1468 τὰ
1320 1412 1357 1465 10

205 1511 263 1593 μὲν
283 1506 524 1592 προσδοκώμενα
547 1503 693 1583 πολλάκις
718 1507 862 1595 ἄπρακτα
883 1509 1007 1591 τίθησι,
1041 1516 1108 1583 τοῖς
1129 1509 1163 1572 δὲ
1180 1509 1313 1590 μηδαμῆ

207 1615 449 1699 προσδοκηδεῖσι
476 1613 579 1689 δεξιόν
598 1614 756 1698 χαρίζεται
775 1609 833 1694 τὴν
856 1613 951 1693 λῆξιν.
973 1605 1164 1685 Ἀπόκαακος
1183 1609 1311 1695 μὲνγὰρ

206 1717 302 1805 δειλίη
327 1722 434 1804 μακρᾷ
455 1713 513 1798 τὴν
535 1712 634 1800 όρμὴν
655 1712 843 1797 ἀνεχαίτισεν
862 1710 993 1777 ἑαυτοῦ·
1021 1711 1100 1798 ἀνὴρ
1123 1714 1160 1778 δέ
1180 1737 1226 1788 τις
1247 1718 1311 1777 τῶν

112 1823 143 1875 Ρ.
151 1818 363 1904 412ίηχανρίων
370 1866 380 1896 ,
408 1817 479 1903 ἄρτι
500 1817 557 1900 τὴν
581 1822 766 1903 Τριβαλλῶν
779 1814 908 1901 διαδρὰς
928 1815 1086 1902 προνομὴν
1091 1865 1102 1896 ,
1129 1806 1201 1900 ἧκεν
1215 1811 1313 1881 αὐτό-

206 1927 304 2005 μολος
326 1927 494 2004 τηνικαῦτα
507 1925 553 2008 τῷ
572 1925 712 2003 βασιλεῖ,
741 1920 846 1996 δείξειν
868 1914 1120 2003 ἐπαγγελλόμενος
1132 1916 1239 2004 ἔτίραν
1252 1924 1310 2002 τῆς
1320 1923 1355 1979 15

207 2023 397 2109 ίγνοισμίνης
411 2018 555 2104 διάβασιν
561 2072 572 2102 ,
607 2024 635 2087 ελ
650 2020 890 2107 δαψιλεστέρους
904 2020 979 2096 τούς
989 2020 1125 2103 μισθοδς
1142 2019 1306 2103 ἀπολάβοι.
1420 2030 1424 2049 ¹

207 2127 255 2190 inl
277 2125 317 2209 δὴ
338 2122 490 2200 τοιοότοις
511 2132 557 2213 τῷ
576 2128 702 2207 βασιλεῖ
716 2130 773 2207 τῆς
795 2120 969 2205 διαβάσεως
990 2125 1169 2208 γενομένης,
1195 2126 1308 2189 ἐκπλα-

206 2228 307 2313 γέντες
318 2227 434 2293 ἐκεῖθεν
445 2228 474 2292 οἳ
490 2227 661 2313 Τριβαλλοὶ
672 2225 709 2292 τό
724 2232 780 2291 τοῦ
795 2224 976 2310 πράγματος
997 2224 1174 2313 παράδοξον
1187 2227 1309 2316 ᾤχοντο

205 2329 264 2414 τὴν
281 2331 427 2413 ταχίστην
440 2328 499 2393 ἀνὰ
516 2328 573 2412 τὴν
586 2325 693 2415 χώραν
710 2328 804 2403 ἄλλος
820 2327 933 2393 ἄλλοθι
947 2331 1228 2406 διασκεδασδίντες.

174 2452 198 2506 Β
282 2428 323 2515 η’.
346 2430 438 2498 otro
458 2433 493 2497 δὲ
516 2438 618 2497 κακῶν
638 2430 748 2515 sinodo*
767 2431 845 2518 πρός
858 2430 1011 2519 Βίῤῥοιαν
1025 2434 1237 2499 διασεσῶσθαι
1252 2433 1354 2499 vireo

203 2535 332 2620 βασιλέα
341 2532 531 2611 Ἀπόκανκος
553 2533 693 2620 ιλκηκοῶς
712 2530 791 2617 όμοῦ
813 2540 858 2621 τῷ
871 2541 996 2624 στρατῶ
1021 2535 1077 2601 οόκ
1093 2536 1233 2619 ίνίβαλεν
1249 2533 1308 2624 (ῶς

204 2635 334 2726 ἔφημεν)
349 2637 445 2714 dote
460 2641 503 2714 εἷς
518 2638 575 2722 τὴν
596 2639 761 2722 πολεμίαν,
789 2636 864 2703 ἀλλ’
881 2633 979 2723 ὑφῆκε
994 2644 1050 2723 τῆς
1063 2634 1169 2724 όρμῆς.
1196 2640 1230 2704 ἐκ
1244 2639 1305 2724 γὰρ

203 2747 260 2808 τοῦ
281 2748 417 2830 φανεροῦ
438 2747 580 2825 πολεμεῖν
600 2743 651 2807 καλ
670 2737 829 2824 συστάδην
850 2747 1008 2808 ποιεῖσθαι
1029 2736 1088 2818 τός
1106 2739 1210 2827 μόχας
1227 2740 1305 2829 πρός

273 2888 317 2944 17.
333 2884 379 2944 ἐπὶ
392 2885 513 2978 ‹lsi-corr.
530 2887 605 2943 Boiv.
624 2905 673 2958 pro
688 2883 794 2959 ἐπειδὴ.

203 3007 229 3063 ei
242 3007 343 3072 iecere,
361 3023 412 3078 qua
425 3007 533 3062 maxime
546 3012 622 3078 parte
636 3024 692 3060 enm
705 3023 763 3059 cum
779 3005 896 3060 exercitu
912 3004 1061 3061 redeuntem
1073 3006 1239 3062 traiecturum
1252 3024 1304 3077 pn·

203 3077 310 3138 tabant3
327 3082 357 3129 ut
374 3077 437 3129 dere
455 3084 514 3129 ente
533 3076 561 3129 in
580 3076 663 3146 ipsum
682 3094 731 3129 nec
752 3075 899 3145 opinantem
913 3076 981 3129 circe
995 3077 1130 3130 transitum
1149 3079 1247 3147 impetu
1262 3079 1303 3130 fa-

202 3154 262 3208 cto,
284 3152 416 3213 tropaeum
434 3094 534 3203 iilustre
551 3146 624 3198 brevi
640 3146 835 3199 constituerent.
875 3144 931 3197 Hos
945 3163 1007 3198 vero
1022 3145 1241 3215 imperatoriomm
1255 3145 1304 3198 mi·

202 3214 276 3268 litum
287 3230 466 3282 praecursoree
481 3215 626 3283 conspicati
649 3214 737 3283 procul
755 3220 783 3266 et
801 3213 852 3282 ipsi
869 3212 978 3267 animum
993 3213 1197 3283 desponderant,
1214 3223 1243 3268 et
1256 3232 1304 3283 pa-

203 3282 275 3338 voris
286 3281 389 3335 multum
401 3282 526 3336 exercitui
539 3282 687 3336 iniecerant
722 3283 797 3364 (IV.)
814 3286 852 3335 ilc
864 3282 983 3336 fortassis
999 3283 1043 3336 illa
1057 3284 1117 3353 ipsa
1137 3285 1200 3336 hora
1212 3283 1304 3353 profli-

224 3352 261 3405 ati
274 3352 397 3417 luissent,
414 3352 484 3405 inter
498 3352 604 3405 hostiles
622 3354 686 3405 duos
703 3359 832 3405 exercitus
854 3352 928 3419 quusi
947 3351 1014 3404 intra
1033 3353 1100 3406 retia
1119 3345 1303 3421 coueprdrensi,

204 3370 308 3475 dumille
324 3421 382 3491 ipso
395 3421 523 3486 obstante,
540 3420 685 3492 quominus
702 3428 747 3474 aut
760 3426 1017 3485 castrametarentur,
1034 3428 1081 3474 aut
1094 3422 1175 3475 eciem
1193 3423 1244 3474 rite
1261 3422 1303 3473 in·

204 3496 348 3554 strument3
365 3491 416 3543 nisi
428 3490 499 3543 Deus
516 3490 657 3560 derepente
675 3498 703 3544 et
720 3488 910 3558 exinproviso
931 3505 1030 3542 manum
1049 3491 1100 3543 illis
1118 3492 1305 3543 commodasset

204 3558 374 3614 adiutricem}
390 3560 462 3613 Deus
475 3561 594 3644 inquam,
611 3560 695 3630 quiet
709 3576 787 3629 saepe
804 3559 901 3611 infectu
912 3557 1000 3611 reddit
1013 3575 1059 3622 ea,
1077 3576 1182 3629 quorum
1195 3559 1303 3612 maxima
1367 3580 1371 3587 ·

203 3636 263 3683 eret
275 3628 445 3698 exspectatio,
462 3636 490 3682 et
504 3630 547 3693 irs,
562 3646 628 3697 quae
642 3628 743 3682 minime
756 3628 877 3697 praevisa
887 3627 998 3691 inerant,
1014 3630 1140 3681 secundos
1152 3629 1237 3681 exitus
1249 3628 1303 3680 lar·

202 3697 286 3768 gitur.
318 3699 386 3752 Num
402 3698 553 3768 Apocaucus
572 3697 672 3766 quidem
692 3697 831 3750 timiditate
846 3713 942 3748 mmma
959 3714 1031 3749 sunm
1048 3697 1105 3766 ipse
1121 3697 1242 3767 impetum
1261 3714 1303 3750 re·

202 3765 308 3891 pressit.
343 3767 392 3820 Vir
405 3774 489 3821 autem
504 3767 606 3836 quidam
622 3784 655 3820 ex
675 3766 742 3819 illius
759 3765 808 3818 loci
828 3764 919 3817 incolis
935 3765 1108 3819 Triballorum
1128 3765 1304 3835 praedationi·

221 3854 252 3889 us
267 3852 349 3906 nuper
361 3837 465 3907 elapsus
482 3836 550 3890 ultro
565 3844 619 3890 tum
631 3837 665 3889 ad
678 3835 856 3905 imperatorem
871 3834 1025 3904 transfugit,
1040 3851 1088 3905 pro
1175 3852 1222 3898 ne,
1235 3834 1305 3886 indi-

201 3912 318 3958 caturum
332 3923 362 3959 ee
375 3905 401 3958 ei
415 3906 490 3959 aliam
510 3905 543 3958 ab
563 3923 595 3959 es
627 3922 677 3958 uae
690 3912 752 3957 note
769 3911 826 3957 erat
839 3920 886 3973 per
901 3905 995 3957 liumen
1005 3905 1089 3968 mam,
1105 3903 1164 3958 sisi
1183 3904 1304 3956 imorcer

201 3974 309 4027 daretur
328 3974 404 4044 paulo
427 3975 555 4045 pinguior.
623 3974 631 3987 ‘
668 3973 857 4028 conditionibus
874 3973 1023 4026 transmisso
1045 3973 1207 4042 imperatoris
1227 3988 1306 4025 erer-

200 4042 272 4108 citn,
290 4043 401 4127 perculsi
417 4045 456 4128 rei
472 4042 593 4126 miruculo
613 4042 725 4097 Triballi
742 4040 803 4097 inde
826 4042 922 4095 abeunt
942 4041 1093 4107 celerrime,
1116 4042 1162 4096 alii
1182 4041 1232 4096 alio
1257 4058 1305 4111 per

201 4128 258 4166 em
270 4112 542 4253 δθξίλλίίῐληίόόόόόίίε
560 4179 676 4235 illaesum
697 4179 876 4251 imperatores
901 4178 1057 4233 Berrlioeam
1080 4195 1163 4249 nsque
1187 4178 1306 4232 evasisse

202 4265 259 4304 cum
281 4250 410 4305 exercitu.
421 4250 541 4321 accepit,
564 4267 615 4303 non
634 4247 735 4314 atatim,
757 4255 787 4302 ut
802 4248 927 4311 diximus,
943 4247 1038 4317 irmpit
1053 4247 1081 4302 in
1098 4247 1240 4310 hosticum,
1257 4247 1305 4301 ced

200 4319 323 4390 impetum
340 4319 446 4375 reuisit
481 4325 578 4393 Aperte
594 4319 661 4374 enim
678 4317 764 4374 Marte
781 4334 898 4390 pugnare
912 4324 940 4375 et
955 4317 1092 4375 comminus
1106 4333 1163 4372 cum
1182 4316 1304 4370 bellicoso
