2992 4792
239 338 316 413 702
546 340 781 414 NICEPHOBI
800 337 1042 411 GREGORAE

82 527 109 577 Δ.
120 526 154 577 lt.
166 518 331 601 6852ροῦσι
344 516 443 595 βῆμα,
465 502 584 584 πάντας
598 504 652 573 ἵνα
664 505 742 594 παρ’
760 505 814 571 ένα
828 506 952 587 δεσμοῖς
964 504 1016 570 καί
1026 515 1179 593 φρουραῖς
1192 505 1343 592 δγκλείειν,

112 597 163 647 Μ’
175 597 209 651 ¹²
242 617 356 691 ἀλλους
365 613 473 689 ἀλλαις
488 611 599 687 areton
615 604 899 692 καθυποβάλλοντα
913 609 946 686 έξ
960 606 1160 692 αὐτοσχεδίου
1172 609 1230 677 τὸν
1243 617 1347 676 πιθα-

213 717 375 804 Βνιίτερον
397 713 523 803 τρόπον.
568 711 643 805 (Η)
671 710 802 780 Τοάτων
822 711 854 777 d’
873 709 956 778 οὕτω
971 710 1122 799 ῥυέντων,
1141 715 1192 779 καί
1205 713 1262 797 τὴν
1281 719 1350 778 τῶν

144 835 236 893 V.856
244 821 401 907 δημοσίων
413 818 497 907 nitigi
511 817 568 902 μέν
583 819 730 902 διοίκησιν
743 815 841 905 εάθάς
854 815 1002 901 ἐγχειρίζει
1015 812 1222 902 πραγμάτων·
1248 814 1349 892 αάτάς

242 925 277 990 δ’
294 923 374 1012 ἀρας
385 923 418 988 έκ
431 922 603 1002 Βυζαντίου
625 917 683 987 σάν
696 943 729 1004 γε
745 916 921 1005 πατριάρχη
937 921 988 983 καί
1005 924 1050 1006 τῷ
1063 925 1189 1002 βασιλεῖ
1197 924 1373 985 Heluio-5

242 1024 323 1117 λόγῳ
348 1022 478 1110 τάχιστα
508 1021 613 1110 ἓχιάρει
638 1021 716 1109 πρὸς
746 1024 919 1107 Πείρινθον
931 1070 942 1101 ,
976 1018 1135 1109 πρόφασιν
1156 1024 1213 1107 μέν
1235 1019 1278 1100 ὥς
1296 1024 1352 1087 ini

240 1128 512 1214 Kununooipmiv„
522 1122 730 1213 ἐκστρατείαν
749 1124 804 1191 τδν
823 1123 972 1208 βασιλέα’
1003 1132 1043 1212 τῇ
1059 1125 1096 1190 δ’
1111 1124 1245 1218 ἀληθείη
1259 1128 1352 1191 δυοῖν

242 1229 529 1320 πραγματευόμενος
548 1226 706 1315 θάτερον,
739 1226 760 1312 ἢ
777 1234 822 1316 τῷ
836 1234 900 1294 τῶν
910 1226 1081 1309 Ἐπιβατῶν
1087 1278 1100 1310 ,
1136 1232 1163 1295 εί
1183 1231 1348 1314 δυνηθείη,

214 1336 424 1422 (ἴσογκλείσας
443 1336 582 1422 φρουρίῳ
595 1333 652 1425 βίη
667 1338 712 1421 τῷ
730 1336 856 1414 βασιλεῖ
872 1329 928 1415 τὴν
942 1332 1101 1418 θυγατέρα
1122 1334 1229 1399 δοῦναι
1242 1329 1350 1418 γάμου

242 1443 464 1524 ξυναλλαγαῖς,
500 1433 600 1521 ἢτόν
621 1460 654 1521 γε
686 1431 829 1521 δεύτερον
852 1429 1010 1500 ἐλαύνοντι
1039 1441 1137 1501 πλοῦν
1157 1442 1204 1526 τῷ
1225 1442 1396 1519 dacoleno

240 1543 490 1629 Καντακουζηνῷ
514 1539 558 1604 δι’
583 1537 686 1604 adem
710 1563 785 1604 ποτε
803 1538 1010 1619 σπείσασθαι,
1048 1538 1180 1622 Λέσβον
1195 1542 1246 1604 καὶ
1262 1540 1352 1604 Χίον

241 1643 460 1727 ἀλλαξαμένων
478 1648 567 1729 σφῶν
582 1643 614 1719 ές
630 1643 753 1726 διηνεκῆ
768 1666 837 1707 τινα
852 1646 976 1728 κλῆρον.
1019 1639 1093 1730 (Θ.)
1122 1641 1235 1708 Ταῦθ’
1250 1638 1351 1727 δρῶσι

135 1792 144 1807 .
240 1747 364 1834 μακράν
385 1756 450 1822 τοῖς
469 1745 683 1830 συνετωτέροις
705 1742 849 1828 έκπληξιν
874 1745 1017 1825 ε’νεποίει,
1053 1748 1105 1811 καὶ
1126 1741 1352 1829 ἀσυλλόγιστον

242 1847 338 1916 έδόκει
354 1848 390 1914 τὸ
412 1854 556 1935 πρᾶγμα,
583 1854 649 1923 πῶς
662 1852 707 1936 τῷ
719 1844 866 1931 μανιώδει
889 1852 946 1931 τῆς
958 1845 1082 1932 γνώμης
1094 1844 1217 1932 ἦἌννα
1233 1850 1352 1934 προδε-

209 1955 359 2020 Ῑλδωκυῖα
380 1950 438 2035 τὴν
465 1956 529 2015 τῶν
549 1944 740 2037 πραγμάτων
762 1945 925 2035 ἡγεμονίαν
947 1947 1072 2016 πάντων
1095 1951 1261 2031 ἀπείπατο,
1289 1962 1396 2017 ττι-15

241 2061 403 2143 φλωθεῖσα
424 2049 574 2130 καθάπαξ
600 2049 663 2118 ἀπὸ
688 2053 872 2135 ζηλοτυπίας
895 2053 947 2117 καί
967 2055 1100 2137 μηδενὸς
1121 2061 1184 2120 τῶν
1209 2078 1351 2139 πραττο·

241 2158 341 2242 μένων
356 2151 567 2222 αἰσθάνεσθαι
588 2154 745 2220 θέλουσα·
774 2153 854 2219 ἀλλά
876 2150 1022 2242 καθάπερ
1043 2157 1104 2236 έξω
1118 2163 1239 2242 στηλῶν
1248 2154 1353 2242 Ἡρα-

241 2262 347 2326 κλείων
366 2264 423 2341 τῆς
442 2254 597 2340 τοσαύτης
612 2256 767 2332 ἀπωλείας
783 2258 1032 2342 καθισταμένης,
1062 2258 1144 2327 οὕτω
1161 2260 1349 2344 διακειμένη.

239 2354 279 2445 ἦν
292 2362 352 2448 γάρ
365 2362 396 2426 έν
410 2360 510 2424 έλπίσι
532 2365 589 2425 τοῦ
606 2357 721 2445 ’έρωτος
743 2361 908 2438 πείθοντος
923 2360 987 2395 *“
1014 2387 1055 2428 σα
1072 2366 1144 2448 βίον
1163 2363 1353 2430 τούντεῦθεν

240 2464 359 2530 ἀλυπον
374 2464 449 2542 έξειν
456 2510 467 2542 ,
495 2464 547 2526 καὶ
564 2464 731 2548 φροντίδος
746 2459 871 2547 ἀπάσης
882 2462 919 2530 td
935 2462 1084 2550 παράπαν
1101 2466 1396 2552 ἀπηλλαγμένονῶ)

239 2567 327 2652 ψυχὴ
342 2566 401 2654 γὰρ
418 2562 674 2651 ἀπαιδαγῶγητον
690 2564 810 2651 ἀγουσα
826 2567 897 2650 βίον
905 2616 916 2648 ,
944 2570 996 2633 καὶ
1011 2567 1086 2652 ὄψιν
1100 2569 1137 2636 οὗ
1149 2566 1237 2654 ’μάλα
1253 2566 1354 2636 κολά-

208 2671 300 2752 Εζειν
313 2665 578 2757 προμελετήσασα,
596 2666 690 2734 ἔλαθε
711 2665 858 2747 πολλάκις
875 2668 1072 2755 αῗχαάλωτος
1086 2672 1277 2757 ἀπαχθεῖσα,
1289 2697 1352 2738 κοι-

308 2835 350 2891 12.
375 2828 563 2901 ἀλλαξάμενος
579 2830 646 2885 coni.
663 2831 740 2891 Bois.
811 2829 854 2889 14.
877 2832 908 2885 In
933 2834 990 2887 eod.
1013 2836 1075 2891 Vat
1100 2836 1211 2906 spolium
1234 2835 1352 2907 quinque

306 2902 450 2957 litterarum
474 2912 516 2955 est
538 2901 607 2954 inter
666 2901 743 2970 ον’μης
766 2907 795 2957 et
816 2902 1021 2969 προδεδοιιιυῖα.
1062 2905 1163 2963 Nomen
1187 2905 1246 2960 add.
1270 2906 1350 2959 Bois.

309 2975 351 3029 19.
369 2969 499 3029 Nonnulla
515 2969 543 3023 in
559 2969 617 3025 uod.
660 2979 697 3027 st,
712 2972 757 3027 hic
773 2972 876 3027 desunt

238 3106 371 3178 'conspicui
385 3109 474 3165 curiae
484 3110 608 3166 subsellia
622 3107 767 3181 implerent,
781 3108 804 3161 τ’
856 3109 928 3163 latim
942 3128 1028 3165 omues
1041 3111 1183 3166 coniiceret
1195 3112 1223 3165 in
1234 3110 1353 3175 uincula,

239 3188 267 3231 et
281 3178 308 3230 in
321 3178 451 3231 custodias
464 3179 555 3247 daret,
573 3180 638 3233 alios
654 3180 712 3233 aliis
726 3176 825 3231 crimini
845 3197 874 3233 ns
887 3187 1022 3233 accusatos
1038 3199 1071 3235 ex
1087 3190 1203 3252 tempore
1221 3180 1353 3244 confictis,

237 3252 317 3367 prout
330 3247 444 3302 loturum
459 3257 529 3302 esset
545 3247 711 3319 probabilius.
746 3247 848 3316 (Vlll.)
866 3248 941 3310 Quae
952 3265 1012 3307 cum
1027 3248 1065 3302 ita
1078 3251 1281 3323 processissent,
1298 3265 1353 3318 pn·

257 3315 359 3367 licarnm
375 3316 453 3371 etiam
466 3336 552 3373 rernm
572 3315 816 3373 administrationem
831 3317 855 3368 ei
871 3317 958 3372 statim
976 3318 1065 3373 tradit
1102 3320 1161 3389 lpse
1180 3326 1265 3372 autem
1286 3335 1351 3387 pro-

238 3385 321 3437 iectus
333 3385 461 3453 Byzantio
476 3405 534 3440 cnm
548 3388 698 3457 patriarche
709 3394 737 3441 et
755 3384 909 3455 imperatore
924 3386 1079 3457 Pelaeologo
1099 3387 1250 3440 Perinthum
1271 3403 1350 3457 qnam

237 3452 369 3506 celerrime
383 3456 528 3519 contendit3
546 3457 635 3526 specie
648 3456 751 3527 quidem
769 3466 799 3507 ut
812 3455 954 3507 exercitum
972 3456 1000 3507 in
1013 3457 1202 3526 expeditionem
1221 3457 1352 3508 adversus

237 3522 443 3578 Centacnaenum
462 3525 598 3589 educeret3
615 3534 742 3580 renotem
758 3540 821 3575 vera
835 3522 941 3577 dnornm
961 3525 1069 3579 alterum
1084 3536 1240 3589 conaturus,
1257 3532 1303 3577 ent
1318 3524 1351 3577 in

237 3591 422 3659 Epibatarnm,
438 3594 461 3647 si
469 3601 571 3664 posset,
583 3594 688 3647 oestello
701 3591 833 3647 includere
848 3591 1037 3663 imperatorem,
1055 3594 1131 3665 eique
1144 3593 1255 3665 pervim
1267 3593 1350 3647 liliam

236 3677 307 3713 onem
326 3670 433 3730 nuptum
452 3664 531 3727 dere,
549 3672 595 3716 ant
608 3664 698 3717 saltem
718 3678 775 3714 cuin
793 3661 950 3731 imperatore
966 3662 1147 3716 Cantacnzeno
1179 3681 1209 3716 er
1222 3664 1270 3717 hos
1287 3670 1350 3714 tan·

236 3728 293 3781 dem
306 3729 442 3798 aliqnando
459 3732 500 3783 sic
512 3731 667 3800 transigere,
684 3740 715 3783 ut
725 3731 795 3783 laets
811 3731 999 3799 permutatione
1013 3731 1104 3786 Chium
1119 3740 1147 3785 et
1198 3732 1270 3785 sbnm
1285 3748 1350 3802 per·

236 3798 309 3879 petni
324 3798 426 3861 dominii
442 3800 500 3855 inre
512 3800 679 3869 possidendas
693 3799 833 3918 αοσὶηζιοι.
868 3799 945 3866 (ΙΧ.)
962 3800 1035 3855 Haec
1049 3818 1106 3855 cnm
1121 3802 1241 3854 riderent
1254 3800 1284 3864 ii,
1301 3798 1349 3869 qui

235 3867 448 3936 intelligentiores
462 3876 547 3933 erant,
562 3869 754 3923 veliementero
786 3869 966 3936 tupesoebant,
983 3887 1031 3921 nec
1044 3870 1146 3923 ratione
1157 3870 1208 3923 nlla
1223 3869 1349 3951 colligere

236 3945 366 4003 poterant,
384 3938 504 4006 quidnam
519 3945 604 4003 esset,
622 3938 692 4007 quod
706 3938 779 3990 Anna
795 3936 945 4006 imperatrix
961 3955 1045 3991 rerum
1060 3938 1235 4008 gubernacula
1247 3938 1347 3990 furioso

236 4005 319 4057 animo
331 4007 498 4075 prodidisset,
516 4007 673 4077 penitusque
686 4024 703 4060 a
716 4024 745 4060 ee
758 4006 918 4070 removisset,
936 4006 1083 4077 zelotypiae
1097 4008 1174 4062 mmel
1187 4007 1285 4060 ellectu
1299 4006 1349 4058 ob·

235 4082 352 4132 caecata.
371 4075 470 4145 etquid
483 4082 605 4144 ageretur
618 4076 755 4145 percipere
769 4074 871 4128 omnino
883 4074 989 4139 nolens3
1006 4077 1053 4129 sod
1068 4076 1176 4146 perinde
1191 4076 1297 4139 effecta,
1315 4092 1348 4128 ac

235 4140 258 4193 si
274 4142 341 4196 ultre
355 4143 477 4199 Herculia
491 4144 619 4201 columnas
631 4145 762 4221 pernicies
774 4143 820 4198 illa
835 4150 991 4197 veneretur.
1016 4147 1132 4199 Venerat
1144 4146 1210 4199 eelim
1224 4144 1252 4197 in
1266 4160 1347 4215 spem,
1464 4132 1470 4153 ¹

235 4211 356 4279 cupidine
369 4213 549 4282 persuadente,
567 4216 625 4270 iore
640 4221 671 4267 ut
685 4213 766 4269 vitem
780 4211 903 4282 deinceps
917 4222 1009 4282 ageret
1021 4216 1155 4269 molestiae
1172 4223 1252 4284 atque
1264 4213 1347 4268 omnis

235 4296 340 4349 prorsus
354 4299 431 4334 coreo
452 4292 593 4352 expertem.
633 4282 740 4337 iluimus
762 4281 859 4353 qnippe
877 4282 947 4335 nulla
966 4282 1103 4353 disciplina
1120 4284 1253 4350 excultus,
1279 4282 1347 4335 nulia

235 4350 463 4418 prraemeditotiono
482 4352 516 4406 ed
531 4353 697 4421 castigandus
712 4352 801 4409 onuloa
818 4351 952 4419 eruditus,
969 4354 1007 4409 ita
1022 4372 1102 4427 saepe
1119 4352 1268 4431 improlem
1287 4350 1347 4417 soit,
