2992 4792
461 376 815 449 ssuosfflONsss.
1098 373 1198 448 noo
1268 452 1271 459 ,

107 554 129 593 n
148 545 180 593 et
198 554 296 595 eorum
316 534 489 599 aaronis
509 549 537 596 et
563 532 764 611 ecclesiastiea
784 533 918 596 absentia
936 535 981 597 sic
1000 538 1134 618 scripsit:
1161 535 1199 600 Si

107 639 162 676 um
190 632 248 695 est,
280 619 394 701 inquit,
425 616 507 702 quod
534 617 597 682 dici
623 618 712 697 solet,
740 621 795 703 qui
816 643 931 700 gregem
954 635 1072 703 pastore
1089 625 1197 705 privat,

107 703 180 781 ique
203 701 368 782 periculum
395 726 507 780 creare,
537 700 672 787 prsffeato
696 725 788 786 grove
809 702 984 784 supplicium
1005 722 1101 767 manet
1121 729 1194 785 eum,

107 787 281 864 {pastorem
303 800 384 848 arcet
405 786 444 846 ab
464 786 550 864 aviii,
576 787 712 871 debetque
737 789 791 871 qui
815 801 921 869 pastor
945 804 1008 867 est,
1042 815 1130 873 usque
1156 789 1199 850 ad

107 871 235 947 rguinem
254 893 311 951 pro
330 894 417 952 grege
436 893 493 931 nan
515 870 738 955 derelinquendo
759 869 874 932 labores
890 871 1033 954 perferre,
1054 876 1113 934 nisi
1131 897 1199 936 cum

107 975 134 1011 es
146 951 251 1037 suerit
274 959 305 1015 in
327 952 446 1038 Synodo
466 954 589 1038 singulis
610 958 696 1017 annis
716 954 759 1015 ad
777 951 921 1038 agendum
942 954 978 1016 de
998 956 1082 1018 rebus
1104 981 1200 1019 neces

107 1038 150 1094 iis
179 1035 331 1119 paulisper
355 1037 467 1110 abesse,
500 1039 606 1123 quibus
632 1038 778 1102 conclusis
803 1036 933 1102 celeriter
951 1038 1000 1100 illi
1021 1039 1199 1104 redeundum

107 1165 113 1193 ‚
138 1122 169 1179 si
191 1121 285 1183 credit
310 1146 339 1184 se
363 1121 544 1183 redditurum
564 1126 704 1184 rationem
729 1146 841 1185 summo
866 1126 982 1204 pastori
1006 1121 1139 1202 Christo,
1171 1141 1199 1187 et

110 1200 225 1284 dignus
249 1222 290 1267 est
310 1209 423 1267 nomine
441 1209 585 1289 pastoris,
613 1209 671 1268 nisi
686 1205 775 1294 farte
794 1210 881 1268 etiam
899 1222 1020 1291 propter
1039 1212 1201 1272 necessita·

107 1310 115 1345 s
141 1285 189 1346 ad
209 1289 360 1351 utilitatem
380 1293 547 1352 animarum
570 1294 757 1374 pertinentem
775 1289 814 1354 ab
835 1292 1007 1374 imperatore
1026 1308 1079 1355 aut
1094 1315 1115 1354 a
1135 1317 1199 1378 pa-

107 1370 199 1431 srclsa
220 1378 320 1435 statim
343 1372 488 1436 rediturus
507 1391 634 1438 vocetur.
665 1373 847 1439 Huiusmodi
866 1398 973 1437 causas
994 1381 1199 1440 oeconomicus

113 1455 334 1519 ecclesiasticas
356 1457 448 1520 brevis
474 1459 623 1521 absentiae
646 1476 801 1542 pastorum
827 1458 867 1523 ab
887 1459 1017 1524 ecclesiis
1036 1465 1097 1525 suis
1116 1460 1199 1523 didi-

107 1553 140 1598 at
164 1544 213 1601 uir
235 1557 356 1605 candus
374 1546 406 1603 in
428 1543 588 1625 Scripturis
613 1559 641 1604 et
660 1559 828 1606 sanctorum
848 1542 971 1607 Patrum
996 1545 1199 1609 sanctionibus

107 1620 195 1684 ditus
221 1626 422 1700 Athanasius,
457 1629 510 1711 qui
537 1626 756 1690 commendatas
781 1626 919 1691 ecclesias
942 1652 995 1691 suo
1014 1632 1102 1691 etiam
1124 1645 1200 1692 tem-

107 1731 130 1767 Ρι
152 1713 254 1784 noviti
278 1708 314 1770 de
334 1710 440 1795 quibus
460 1710 503 1772 ad
521 1714 685 1794 episcopum
703 1713 860 1793 Apameae
879 1712 1024 1789 scribens,
1045 1712 1100 1774 Ad
1115 1712 1198 1797 quid,

107 1794 177 1870 ruit,
209 1818 319 1855 necesse
339 1811 381 1856 est
401 1794 444 1855 ad
467 1819 551 1857 suam
576 1820 715 1879 quemque
741 1795 899 1859 dioecesem
920 1799 962 1857 ire
981 1800 1131 1880 propriam
1153 1795 1201 1860 uel

107 1872 318 1956 emendatam,
338 1881 443 1941 nisius
464 1878 550 1961 lupos
569 1878 637 1940 inde
657 1878 809 1944 arceatis?
835 1878 924 1961 Quod
941 1883 969 1941 si
979 1880 1127 1967 fortassis
1141 1881 1200 1944 buo

107 1985 111 2017 ι
134 1959 188 2042 (id
209 1977 252 2023 est
274 1960 571 2048 Constantinopolim)
593 1966 698 2025 incitat
718 1979 746 2024 et
767 1964 858 2025 trabit
880 1981 942 2026 tum
962 1964 1091 2027 studium
1111 1982 1200 2050 atque

107 2044 240 2106 :iderirsm
261 2046 432 2109 consulendi
447 2046 604 2109 multarum
624 2046 729 2125 saluti,
752 2046 842 2133 idque
852 2047 935 2113 uobis
945 2052 1127 2133 propositum
1143 2060 1197 2126 est,

107 2134 272 2191 nscientia
295 2148 357 2193 tam
378 2130 491 2209 multa,
522 2148 553 2193 ut
573 2154 613 2194 etc
632 2132 691 2193 bac
710 2132 782 2193 urbe
798 2135 918 2216 possitis
937 2136 1025 2194 etiam
1070 2157 1124 2195 uae
1142 2156 1200 2196 eas·

108 2217 207 2297 'fines
234 2232 394 2276 uestrarum
422 2214 587 2277 dioeceseon
606 2218 706 2300 posita
724 2232 793 2277 sunt
811 2215 992 2298 gubernaret
1015 2158 1068 2278 ad
1083 2220 1200 2280 exstin-

107 2298 211 2358 rndam
233 2302 313 2360 sitim
335 2303 421 2362 istam
443 2303 582 2384 istiusque
600 2299 693 2361 studii
711 2304 800 2362 vestri
822 2299 974 2377 ardorem,
994 2304 1092 2362 veniat
1115 2301 1199 2363 vobis

111 2399 234 2444 mentem
251 2383 342 2460 illius,
367 2387 416 2447 cui
430 2380 561 2466 plurima
582 2400 752 2447 sanctarum
774 2383 936 2447 litterarum
957 2389 1080 2448 scientia
1102 2387 1199 2448 Theo·

107 2470 127 2537 :i
151 2485 376 2549 cognomentum
401 2467 494 2543 dedit,
526 2467 664 2552 illiusque
688 2492 799 2552 paruae
820 2468 1000 2533 Sasimorum
1027 2469 1197 2553 dioeceseos,

125 2568 158 2613 ut
179 2551 230 2612 uei
247 2568 368 2635 propter
385 2550 589 2615 excellentiam
610 2551 693 2614 illius
712 2548 952 2616 exuilentissimi
971 2557 1043 2631 uiri,
1063 2554 1112 2617 uel
1127 2577 1198 2637 pro·
1312 2562 1314 2567 ’

108 2636 354 2720 raequalitatem
384 2637 520 2713 bonoria,
544 2659 603 2721 quo
625 2638 754 2698 contenti
772 2660 832 2697 esse
855 2634 979 2712 debetis,
1008 2641 1130 2721 quisque
1150 2661 1199 2699 ue·

107 2746 150 2782 urn
174 2724 260 2783 intra
278 2743 347 2783 suos
365 2746 396 2783 se
405 2724 487 2805 fines
508 2723 663 2782 contineat.
701 2717 897 2799 Quamobrem
915 2722 1072 2794 existima,
1086 2719 1198 2804 frater,

107 2805 159 2868 ieri
183 2828 206 2867 a
227 2821 256 2865 te
277 2805 333 2868 boc
354 2828 443 2889 usque
467 2802 509 2863 ad
534 2806 722 2887 sanguinem,
757 2818 790 2864 ut
815 2826 882 2865 cum
909 2802 1012 2865 ovibus
1036 2806 1094 2865 tuis
1111 2806 1153 2865 sis
1170 2818 1199 2864 et

108 2914 156 2958 as.
203 2888 243 2950 Et
264 2912 339 2974 quae
358 2904 516 2973 sequuntur
536 2887 634 2949 divine
660 2888 761 2950 omnia
785 2890 916 2967 scripta,
939 2902 967 2947 et
986 2886 1030 2948 ad
1049 2886 1092 2959 id,
1114 2883 1196 2971 quod

107 2974 146 3036 bis
166 2977 285 3057 agitur,
306 2972 395 3035 etad
417 2972 459 3049 id,
482 2969 562 3055 quod
574 2970 691 3033 Romae
700 2972 775 3053 fieri
793 2968 932 3050 uidemus,
954 2966 1127 3033 mirabiliter
1146 2993 1199 3032 ao·

108 3059 287 3123 nmadata.“
314 3058 397 3119 Idem
409 3059 571 3119 Turrisnus
587 3058 618 3116 in
632 3058 737 3118 codem
747 3057 843 3117 libras
864 3057 1000 3134 „Tamen
1021 3054 1199 3138 respondebo

108 3143 143 3207 sd
162 3141 353 3207 Athanasius
371 3140 545 3226 patriarcba
559 3137 914 3224 Constantinopolitanus,
938 3165 1022 3225 quem
1036 3162 1128 3224 supra
1145 3141 1198 3201 ite·

108 3253 126 3288 n
145 3229 286 3303 memini,
314 3229 457 3311 episcopis
478 3224 520 3287 ad
541 3248 610 3287 suas
630 3222 772 3286 dioeceses
794 3223 1045 3308 proficiscentibus
1062 3225 1199 3308 scripsits

117 3310 197 3374 mali
220 3327 354 3395 pastores
373 3326 481 3388 essent,
505 3325 537 3371 ut
558 3312 752 3371 meminissent
772 3332 832 3371 non
850 3312 910 3370 iam
931 3307 1017 3371 licere
1035 3307 1094 3370 sibi
1112 3331 1200 3392 pros·

108 3397 194 3458 tibus
217 3420 333 3457 munere
351 3393 500 3477 pastorali
516 3392 629 3482 fungi;
659 3391 693 3454 id
719 3396 794 3453 enim
815 3417 944 3454 summae
966 3416 1026 3454 esse
1044 3395 1199 3455 insum·

108 3505 136 3556 e,
160 3497 190 3542 et
211 3476 349 3542 scandali
366 3477 504 3561 plenum,
523 3494 725 3561 praestareque
743 3475 875 3539 absentes
894 3500 969 3556 esse‚·
990 3492 1023 3538 at
1044 3492 1115 3540 tunc
1134 3499 1199 3540 reos

109 3565 183 3627 idem
206 3588 265 3625 esse
290 3567 453 3626 uacationis
478 3586 548 3626 suae
567 3578 594 3623 et
615 3561 771 3624 absentiae.
813 3560 918 3645 Itaque
938 3583 997 3623 non
1017 3560 1086 3622 licet
1105 3584 1199 3644 prae·

110 3667 155 3711 :tes
176 3673 239 3711 esse
257 3650 284 3709 si
302 3646 376 3711 mali
395 3652 455 3710 sint
462 3695 472 3726 ,
496 3663 525 3709 et
544 3646 676 3709 absentes
697 3670 757 3710 non
777 3662 859 3708 erunt
879 3650 1030 3729 impune.“
1070 3646 1147 3708 vido
1167 3656 1199 3708 ot

110 3737 209 3796 'stolas
230 3744 309 3811 octo,
329 3745 391 3795 tres
412 3733 450 3794 ad
469 3737 689 3814 imperatorem,
710 3733 842 3813 quinquo
861 3733 902 3793 sd
922 3732 1096 3813 episcopos,
1119 3732 1199 3792 sias·

109 3843 133 3879 m
165 3818 320 3880 Athanasii
347 3819 383 3879 ab
412 3819 517 3879 eadem
542 3817 688 3879 Turrisno
713 3819 817 3878 Latino
834 3837 953 3893 versas,
983 3825 1013 3877 et
1030 3815 1197 3879 Florentiae

109 3907 161 3965 itss
183 3915 252 3986 post
272 3905 382 3964 librum
403 3904 441 3965 da
461 3902 633 3964 Residentia
654 3896 818 3963 Pastorum.
844 3902 964 3964 videet
979 3920 1039 3979 ess,
1055 3921 1198 3983 qaaest-

111 4001 145 4051 at
163 3991 194 4050 in
211 3990 320 4051 Codice
334 3987 439 4069 Regio,
463 3988 533 4048 olim
547 3988 724 4049 Teliosisni.
759 4006 872 4050 aosvnt.

150 4096 227 4176 Pap.
250 4096 328 4165 182,
348 4091 377 4158 6.
418 4089 596 4150 Athanasius
611 4089 723 4171 ipsein
736 4092 842 4175 Neaqqi
854 4085 884 4168 *)
906 4107 959 4150 scu
974 4079 1092 4167 ζητήσει
1106 4104 1197 4165 sapsa

111 4176 215 4257 licata,
234 4173 312 4262 πρὸς
333 4170 450 4250 rou'sosc
464 4175 517 4239 nai
538 4174 664 4258 povaqoi
680 4169 703 4257 ἢ
717 4168 911 4257 aoviosasus,
931 4169 974 4257 ur}
988 4168 1105 4256 διάγειν
1125 4163 1198 4234 airi-

111 4343 132 4412 *)
150 4342 216 4398 Vide
232 4343 300 4399 cod.
316 4343 383 4412 [ζει.
398 4341 489 4399 9529.
507 4340 553 4395 iol.
569 4343 629 4401 stt.
647 4341 682 4400 V.
713 4354 817 4397 solvus.

136 4428 296 4501 Nicephorius
309 4430 421 4501 iirsgm.
443 4426 500 4483 Vol.
513 4427 548 4484 Π.
950 4410 994 4473 76
