2992 4792
353 367 588 442 HISTORIAE
607 365 886 438 BYZANTINAE
897 368 1024 440 XXIV.
1040 377 1071 442 1.
1137 360 1260 500 ι11ίέ9

161 562 219 604 τον
240 533 335 604 αδτοῦ
359 532 496 620 ἠθέλησε
518 543 584 610 τοῖς
598 529 695 621 ἁγίοις
716 531 814 599 αῦτοῦ
834 539 996 617 μαθηταῖς
1011 535 1061 598 καὶ
1077 527 1261 610 ἀποστόλοις
1268 548 1298 598 Δ.
1311 547 1340 598 c.
1356 545 1423 601 1³51

160 643 367 724 παραδοῦναι,
389 636 434 702 δι’
451 629 488 704 οῦ
505 634 634 724 ἦρόσθη
649 632 841 722 πράγματος,
868 632 966 703 τόπον
978 639 1022 713 εἰς
1035 643 1126 721 σῶμα
1144 634 1241 702 τοῦτοῦ
1249 618 1424 739 ‘lngffin‘

158 743 214 807 ’ίνα
227 742 278 806 nm
291 748 348 825 τῆς
367 741 519 826 ἱερατικῆς
540 731 698 825 ’ἀναγωγῆς
709 735 857 821 λάβωμεν
876 736 918 815 ὥς
940 742 1053 824 κυρίοις
1064 744 1115 805 καί
1131 738 1261 824 ἀληθῶς

158 852 252 927 σῶμα
268 842 398 911 anton?
423 840 487 908 είτα
498 843 631 930 ίπιφίρει
645 841 702 927 τὴν
715 842 830 926 ἐκείνην
844 833 935 918 οὗτος
944 846 1125 929 καθαίρεσιν
1134 839 1288 912 mennas

129 961 150 1017 δ
159 944 274 1031 „sinric
294 948 328 1014 δέ
337 946 369 1027 ,”
390 948 501 1032 φησίν,
523 945 622 1028 ,,οῦτε
638 941 739 1012 εἰκόνα
752 943 823 1011 οῦτε
837 942 936 1010 τόπον
951 952 1007 1010 τοῦ
1023 944 1169 1030 σώματος
1182 949 1259 1013 ἐκεί·

158 1075 217 1126 νου
236 1056 336 1116 ταῦτα
356 1048 496 1135 λίγομεν,
522 1052 550 1115 εί
568 1050 619 1115 καλ
642 1054 838 1132 συμβολικῶς
864 1049 1060 1129 ἐπιτελεῖται,
1086 1048 1159 1114 ἀλλ’
1180 1050 1259 1117 αῦτό

160 1152 199 1219 τό
219 1159 311 1236 σῶμα
330 1158 387 1219 τοῦ
407 1156 549 1239 Χριστοῦ
571 1149 607 1218 τό
628 1152 828 1234 τεθεωμίνον.
871 1156 964 1217 τοῦτο
989 1152 1041 1216 καλ
1060 1162 1126 1228 τοῖς
1148 1159 1260 1237 μαθη-

159 1267 231 1331 ταῖς
250 1255 346 1323 αὐτοῦ
367 1257 552 1342 παρεδίδου,
581 1250 706 1337 λάβετε,
731 1250 844 1342 φάγετε
864 1253 900 1320 τό
924 1250 1016 1336 σῶμά
1038 1280 1121 1337 μου,
1151 1255 1257 1340 λέγων,

161 1358 229 1442 οὐχί
251 1358 308 1442 τὴν
329 1354 430 1424 εἰκόνα
443 1363 499 1425 τοῦ
515 1354 660 1442 οῶματός
674 1383 746 1441 μου.
772 1354 816 1434 ῶς
827 1356 887 1442 γὰρ
902 1358 935 1422 ἐκ
949 1364 1006 1441 τῆς
1022 1357 1182 1444 παρθένου
1203 1356 1260 1442 τὴν

111 1477 152 1530 10
159 1457 262 1547 σόρκα
283 1461 335 1527 διὰ
349 1466 405 1527 τοῦ
420 1459 593 1545 πνεόματος
611 1468 668 1528 τοῦ
689 1457 777 1547 ἁγίου
795 1457 896 1549 ἑαυτῷ
914 1457 1127 1545 ῦπεστήσατο·
1153 1463 1181 1526 εί
1195 1459 1259 1546 χρὴ

158 1564 194 1629 δὲ
217 1562 276 1630 κόκ
298 1570 361 1631 τῶν
379 1564 459 1631 καθ’
484 1561 568 1649 ἡμᾶς
589 1571 681 1631 τοῦτο
703 1567 860 1649 δηλῶσαι,
885 1559 928 1640 ῶς
951 1560 968 1630 ό
988 1563 1083 1648 ἄρτος
1103 1560 1188 1630 καλό
1210 1560 1257 1631 ni·
1273 1566 1305 1624 P.
1320 1568 1372 1623 713

158 1691 213 1745 νος
231 1668 284 1732 καλ
300 1666 337 1733 τό
356 1665 442 1752 ῦδιορ
462 1673 598 1754 φυσικῶς
622 1671 665 1744 εἰς
684 1674 776 1750 σῶμα
792 1668 843 1734 καλ
866 1663 944 1749 αἷμα
957 1673 1014 1732 τοῦ
1030 1668 1193 1742 ἐσθίοντος
1209 1668 1260 1731 καλ

158 1770 303 1846 πίνοντος
319 1767 562 1852 μεταβάλλεται,
589 1772 640 1836 καὶ
659 1769 715 1836 οῦκ
736 1768 775 1835 ἂν
797 1769 922 1853 είπομεν
944 1769 1048 1856 ἕτερον
1069 1776 1161 1854 σῶμα
1181 1772 1262 1854 γίνε-

159 1876 240 1937 σθαι
262 1871 350 1957 παρὰ
369 1870 406 1937 τό
423 1869 584 1958 πρότερον,
610 1870 692 1940 οῦτοι
716 1871 755 1957 δὴ
773 1875 824 1938 καλ
841 1879 943 1938 ταῦτα
954 1869 1121 1961 ῦπερφυῶς
1137 1869 1262 1966 inaniri:-

114 1990 206 2045 15σει
234 1980 291 2039 τοῦ
322 1971 548 2061 ἱερατεόοντος,
584 1972 774 2062 ἐπιφοιτήσει
806 2000 839 2041 τε
877 1981 934 2041 τοῦ
964 1971 1050 2060 ἁγίου
1076 1972 1259 2059 πνεόματος,

159 2078 203 2152 είς
225 2083 317 2160 σῶμα
336 2078 387 2141 καὶ
407 2074 486 2162 αἷμα
507 2083 650 2164 Χριστοῦ
671 2075 930 2162 μεταβόλλεται.”
968 2077 1038 2145 ἰδοῦ
1053 2081 1104 2144 καλ
1126 2075 1143 2145 ὅ
1164 2081 1261 2164 μίγας

159 2169 251 2254 οῦτος
273 2175 459 2257 διδάσκαλος
478 2179 578 2248 ταότὰ
600 2187 645 2272 τῶ
667 2179 743 2270 ἁγίφ
761 2182 864 2271 ἐκείνῳ
886 2181 1052 2268 φθέγγεται
1072 2184 1183 2268 πατρὶ,
1208 2185 1289 2251 nain
1343 2265 1345 2270 Ι

158 2288 263 2373 πολλῷ
286 2282 398 2364 πλέον,
426 2282 447 2369 ἢ
468 2287 630 2366 Παλαμῦς
644 2296 710 2363 τοῖς
727 2282 1074 2363 ἀτοπωτότοιςίκείνοες
1086 2283 1261 2369 Εἰκονομό-

155 2410 233 2469 χοις.
274 2381 430 2451 ἁλίσκεται
450 2385 511 2475 γὰρ
529 2387 694 2453 κάνταῦθα
716 2391 768 2453 καί
791 2383 923 2464 τούτους
945 2388 977 2465 ἒς
993 2386 1050 2473 τὴν
1072 2385 1183 2472 ὁμοίαν
1202 2415 1261 2454 κα-

114 2491 229 2558 ῖοκίαν
245 2484 511 2575 ῦπερβαλόμενος,
537 2489 570 2556 εί
577 2514 625 2568 τις
639 2490 680 2556 τό
695 2488 813 2580 ἀμφοῖν
832 2488 1017 2577 παράλληλα
1035 2492 1168 2576 θίμενος
1185 2516 1261 2559 συν·

161 2587 244 2680 ορρίη
262 2588 455 2678 ἐγκλήματα·
483 2589 570 2678 μόλα
586 2591 720 2671 εἰκότως.
753 2594 794 2660 τὰ
808 2593 867 2681 γὰρ
880 2600 954 2660 θεία
966 2591 1126 2679 δόγματα,
1153 2592 1263 2662 κανόσι

159 2694 298 2783 πατίροιν
321 2692 428 2782 ὀρθῶς
454 2691 685 2785 ῥυθμιζόμενα,
721 2694 891 2785 παραλόειν
917 2696 976 2764 οῦκ
1004 2695 1086 2763 οίδεν
1115 2695 1193 2764 οὔθ’
1222 2694 1262 2783 ἣν

227 2887 383 2950 abactam
398 2888 465 2947 enni.
482 2888 567 2962 ⁰⁸99·

160 3064 296 3135 inquiant,
312 3079 389 3129 „cnm
408 3078 480 3116 snam
495 3059 674 3132 praenovisset
683 3065 806 3129 martem,
822 3063 920 3117 sanctia
935 3062 1069 3134 discipulis
1085 3065 1114 3117 et
1127 3061 1259 3133 Apostciis

158 3135 220 3196 anis,
238 3132 325 3203 perid
340 3131 408 3203 qnod
422 3131 499 3185 vaide
513 3131 670 3201 concupivit,
686 3132 795 3202 figuram
808 3135 847 3187 sni
861 3134 976 3204 corporis
990 3133 1095 3188 tradere
1108 3133 1199 3198 voluit,
1219 3142 1258 3196 nt,

160 3202 299 3258 accedente
317 3200 425 3272 mystica
446 3199 587 3254 sacerdotis
605 3201 797 3268 benedictione,
819 3204 892 3257 reiut
908 3203 1012 3274 proprie
1034 3220 1066 3255 ac
1084 3219 1147 3255 vere
1163 3217 1260 3271 corpus

158 3275 168 3327 i
187 3274 241 3325 sius
255 3269 437 3340 accipiamus.”
462 3270 563 3324 Deinde
575 3270 673 3323 illorum
686 3272 823 3325 verborum
834 3272 1014 3326 refutationem
1025 3272 1064 3325 ita
1071 3272 1205 3340 subiungit
1217 3270 1259 3323 hic

177 3349 257 3395 octor.
292 3341 371 3405 „Nos
382 3346 466 3392 οοτειπ
475 3338 501 3402 ,”
517 3338 617 3422 inquit,
634 3356 738 3409 „neque
751 3340 884 3411 imaginem
897 3358 981 3412 nequa
992 3343 1102 3410 figuram
1115 3340 1185 3393 illins
1199 3356 1260 3393 cor·

160 3412 231 3483 poris
242 3410 306 3463 iraec
321 3425 396 3463 sacra
413 3408 594 3462 Eucharistiae
608 3409 732 3480 mysteria
747 3426 805 3462 asse
821 3410 942 3475 dicimus,
961 3426 1132 3480 quanquams
1176 3408 1260 3461 bciica

160 3481 344 3543 conficiantnr3
361 3479 408 3532 sed
427 3477 512 3548 ipsum
526 3477 627 3531 Christi
641 3495 736 3548 corpus
749 3478 904 3533 deificatum.
938 3480 996 3533 Hoc
1010 3487 1037 3532 et
1057 3478 1111 3531 anis
1146 3477 1260 3547 iscipuiis

160 3550 293 3603 tradebnta
312 3546 439 3618 accipite,
464 3546 618 3602 manducate
641 3565 734 3618 eorpus
754 3565 852 3613 meum,
870 3549 975 3613 dicens,
1000 3565 1051 3600 non
1072 3546 1120 3600 mei
1142 3546 1261 3616 corporis

160 3618 303 3688 imaginem.
328 3617 366 3670 Ut
383 3616 449 3669 enim
461 3615 470 3668 i
490 3634 519 3669 se
533 3615 584 3670 sibi
599 3634 647 3687 per
659 3617 786 3700 Spiritum
798 3625 915 3671 sanctum
926 3635 1027 3670 carnem
1040 3616 1187 3685 exVirgine
1199 3632 1262 3686 prn-

161 3689 249 3751 dnxit3
267 3693 330 3754 aut,
347 3686 369 3739 si
384 3633 500 3755 exempio
514 3703 530 3738 a
544 3686 616 3738 nobis
631 3693 714 3756 petato
727 3687 797 3740 istud
817 3687 1088 3757 explicationem,
1106 3685 1174 3739 sicut
1187 3685 1262 3755 panis
1382 3753 1386 3760 Ι

160 3766 188 3812 et
200 3758 285 3812 vinum
304 3763 331 3809 et
342 3769 410 3826 aqua
423 3755 576 3808 naturaiiter
588 3755 616 3807 in
636 3772 730 3826 eorpus
745 3762 773 3809 et
791 3756 940 3825 sangninem
953 3755 1111 3809 comedentis
1130 3762 1158 3808 ct
1172 3756 1264 3808 biben-

159 3827 194 3881 tis
215 3831 433 3892 transmutantur,
457 3841 506 3878 nac
523 3823 637 3877 dicemus
655 3842 767 3894 unquam
786 3825 856 3878 alind
879 3842 896 3877 a
916 3825 996 3894 priori
1016 3825 1146 3878 diversum
1168 3838 1263 3891 cerpus

160 3896 234 3958 fieri3
251 3895 290 3947 ita
301 3895 365 3945 baec
378 3892 456 3946 etiam
472 3893 653 3948 Eucharistiae
668 3894 791 3962 symbola,
804 3894 947 3948 sacerdotis
962 3895 1123 3947 invocatione
1139 3890 1264 3945 essancti

159 3965 274 4035 Spiritus
289 3961 417 4023 adventu,
438 3963 468 4015 in
483 3980 577 4033 corpus
597 3971 625 4017 et
646 3964 796 4032 sanguinem
812 3962 912 4017 Christi
931 3962 1161 4033 supernaturaliter
1176 3970 1264 4014 τηοσ-

160 4029 316 4089 mutantur?
351 4028 422 4082 Ecce
433 4030 476 4083 hic
489 4048 591 4103 qnoque
603 4048 710 4101 magnus
723 4031 815 4086 docter
836 4033 925 4086 eadem
943 4033 1053 4102 profert,
1074 4047 1141 4101 qnae
1156 4029 1265 4101 pretulit

161 4103 220 4156 oiim
237 4106 342 4152 sancum
356 4098 399 4150 iile
413 4098 493 4152 Pater
504 4099 613 4153 loannes
629 4102 821 4166 Damascenus,
839 4109 867 4154 et
882 4102 985 4172 quidem
996 4101 1075 4154 mulin
1091 4102 1175 4170 magis
1189 4111 1265 4167 qun

160 4171 280 4225 Palamas
295 4165 383 4219 eadem
401 4183 457 4220 cnm
469 4167 634 4238 ineptissimis
648 4170 700 4223 illis
713 4170 888 4224 iconomachis
902 4172 1027 4240 preferat.
1061 4171 1118 4224 Hcs
1137 4166 1265 4221 enim'iric

161 4240 239 4294 etiam
251 4239 279 4290 in
291 4234 380 4289 similis
394 4235 508 4290 malitiae
522 4237 658 4292 collatione
676 4247 799 4307 superat,
816 4240 839 4292 si
858 4240 916 4308 qnis
929 4257 962 4293 aa
975 4257 1060 4293 secum
1080 4239 1190 4291 invicem
1210 4234 1265 4288 coi·-

162 4308 216 4362 iata
235 4304 394 4376 conspiciat,
432 4321 482 4359 uae
507 4313 613 4376 possent
631 4308 754 4361 ambobus
774 4308 937 4377 exprobrari.
977 4309 1036 4363 Nec
1052 4324 1114 4361 sane
1131 4302 1264 4356 immerito.

161 4380 229 4436 Nem
243 4375 334 4434 divina
347 4323 490 4432 ωιλιοὰἰοιο
508 4374 571 4432 fidei
585 4376 724 4449 dogmata,
740 4393 797 4432 nrm
812 4385 960 4433 suaseram
975 4378 1083 4433 raam
1102 4373 1202 4442 κακοῦ·
1218 4387 1266 4442 ap-
