2992 4792
209 350 287 433 tst
508 363 745 436 mesenum
767 362 1008 434 eneconis
1099 334 1107 347 ’

48 541 75 591 t.
90 534 269 616 Ισθόθτῆς
289 516 407 621 ήμίρας
434 531 486 598 καὶ
512 525 603 614 μόλις
621 526 812 611 συλλαβίζειν
833 524 959 596 εἰδότων
982 526 1023 595 τό
1038 533 1103 597 τῶν
1117 525 1311 618 γραμμότων

87 605 167 664 ω
212 644 366 718 στοιχεῖα·
394 635 425 701 oi
447 635 481 701 δὲ
502 638 565 700 τῶν
581 632 660 717 χθδς
675 632 727 698 καί
747 627 853 719 πρῶήν
868 627 1055 720 ἱεροσόλαιν,
1081 632 1139 700 κόν
1152 661 1310 719 χαμαιτυ-

211 741 307 813 πείοις
322 736 567 821 καλινδουμίνων
584 732 628 812 ῶς
639 735 679 802 εδ
693 734 811 816 πολλὰ,
838 737 889 800 καὶ
901 735 999 819 μηδὲν
1013 736 1106 802 πλίαν
1120 763 1310 825 προεισενεγ·

97 842 131 899 P.
145 843 199 900 556
214 838 331 906 κόντιον
346 843 391 917 εἰς
409 840 465 908 τόν
477 837 623 923 βαθμὸν,
649 838 731 924 πλήν
744 843 802 904 τοῦ
818 835 998 926 αἱρεσιιότας
1013 835 1089 905 εἶναι
1103 843 1310 909 συντίθεσθαι

210 945 572 1035 τῷδυσσεβείΠαλαμᾷ.
1310 950 1331 1007 6

96 1045 130 1100 v·
143 1044 198 1104 4⁵0
288 1043 327 1113 δ’.
358 1044 486 1114 Τοότιον
505 1046 537 1111 d‘
559 1038 821 1128 οῧτωςίχόντων,
851 1042 1093 1131 προσεληλνθῶς
1106 1047 1172 1137 ἰδίρ
1186 1052 1230 1135 τῷ
1244 1052 1307 1128 βα·

181 1116 293 1215 Βσιλεῖ
313 1145 370 1235 τήν
392 1176 425 1218 τε
446 1142 543 1216 οὖσαν
562 1144 636 1232 ήμΐν
650 1147 684 1211 ἰκ
698 1152 833 1213 παλαιοῦ
848 1150 953 1234 φιλίαν
974 1149 1007 1212 dx
1026 1151 1197 1235 προοιμίων
1213 1146 1308 1236 διήειν

209 1252 284 1338 tyni,
312 1255 363 1317 καί
376 1252 452 1338 ὅσην
466 1253 523 1337 τὴν
538 1245 685 1337 πρόνοιαν
698 1246 777 1336 sinim
797 1256 854 1335 τῆς
871 1249 968 1316 adrat
984 1257 1132 1335 ποιοῦμαι
1151 1258 1244 1336 τιμῆς
1257 1254 1312 1317 καί

208 1362 331 1440 ψυχῆς,
359 1358 410 1422 καὶ
427 1356 458 1421 εἶ’
466 1380 496 1421 τι
512 1353 591 1441 πρδς
604 1353 756 1436 διαμονήν
773 1356 824 1419 καὶ
843 1349 992 1419 σόστασιν
1008 1353 1054 1437 εἴη
1073 1355 1143 1435 βίου
1165 1357 1217 1420 καί
1235 1357 1310 1421 παί-

209 1460 273 1524 δων
286 1459 393 1527 αὐτοῦ.
422 1458 524 1524 ἔπειτα
538 1455 616 1544 πρδς
628 1454 766 1539 ίλίγχους
783 1452 924 1542 ἓχῶρςσα
947 1446 1023 1532 roric
1042 1452 1204 1542 συνήθεις,
1229 1454 1308 1546 aiulo
1317 1468 1353 1522 1⁰

208 1585 242 1626 τε
258 1568 314 1644 τῆς
326 1568 429 1647 κοινής
442 1569 505 1629 τῶν
518 1562 683 1643 ἐκκλησιῶν
697 1555 819 1644 εἰρήνης
838 1562 889 1624 καί
909 1558 1063 1641 εὐσεβείας
1076 1557 1307 1644 ἀγωνιζόμενος,

185 1662 247 1730 cis
269 1662 354 1750 ὅροις
376 1665 475 1747 μίνειν
496 1673 561 1739 τοῖς
587 1662 728 1746 πατρίοις
753 1661 866 1743 αὐτόν,
898 1664 949 1727 καί
969 1660 1015 1746 μή
1042 1665 1144 1752 πηδᾷν
1166 1660 1246 1750 sindo
1269 1663 1310 1730 ui

208 1767 400 1849 ίσκαμμίνα,
427 1766 507 1851 μηδ’
533 1763 634 1840 οὕτως
657 1763 795 1846 όμαθίσι
817 1767 868 1830 καὶ
891 1765 1034 1848 όσίμνοις
1049 1761 1181 1851 ἂνδρόσι
1196 1767 1237 1832 rel
1254 1773 1313 1851 τῆς

209 1871 373 1953 θεολογίας
393 1865 574 1956 προδιδόναι
596 1863 770 1952 μυστήρια,
804 1866 845 1932 τό
866 1865 939 1954 ἅγια
961 1878 1028 1944 τοῖς
1047 1871 1133 1948 κυσί,
1160 1870 1213 1935 καί
1235 1868 1312 1945 rotie

208 1974 402 2057 μαργαρίτας
423 1981 489 2048 τοῖς
506 1974 633 2057 χαίροις,
686 1969 755 2058 (Β.)
784 1966 882 2036 Τότε
896 1964 950 2037 σόν
965 1971 998 2036 ίκ
1012 1977 1069 2055 τῆς
1079 1973 1170 2047 θείας
1183 1979 1309 2059 γραφῆς
1318 1982 1351 2039 15

208 2077 259 2138 καί
275 2074 313 2139 τὰ
329 2070 460 2159 ἡμέτερα
475 2077 639 2159 συνείρων,
666 2075 727 2152 ,,τί
736 2073 846 2163 δρᾷς”,
864 2071 1015 2160 ίφασκον,
1039 2080 1109 2158 „ui
1124 2082 1245 2162 φρενῶν
1260 2073 1289 2141 εί
1295 2104 1309 2160 ,·

208 2178 243 2240 τί
258 2178 392 2262 σφηκίας
406 2177 526 2260 ίγείρεις
546 2175 625 2240 κατὰ
642 2180 699 2257 τῆς
719 2176 850 2251 πίστεως
856 2205 868 2259 ,-
893 2177 927 2241 τί
937 2175 1011 2253 τούς
1024 2177 1103 2261 μηδὲ
1116 2178 1156 2242 τὰ
1171 2179 1203 2242 ἓν
1214 2181 1307 2244 ποσὶν

161 2274 327 2353 »εἰδότας
352 2283 508 2362 θεολογεΐν
531 2272 790 2362 παρασκευῶζειςς
815 2282 849 2343 τί
873 2278 929 2345 τόν
953 2276 1104 2365 Χαλόνης
1134 2281 1305 2362 οἰκοδομεῖν

206 2380 323 2467 ἐπείγῃ,
352 2380 393 2445 roi
413 2380 492 2465 πρὸς
513 2378 709 2467 ἀπαρτισμὸν
730 2378 788 2445 οόκ
807 2379 903 2466 istum
930 2384 965 2449 τί
981 2381 1060 2468 πρὸς
1082 2382 1215 2470 οὐρανόν
1239 2384 1309 2449 ‹trt-

205 2487 366 2563 πτασθαι,
395 2483 483 2563 πεζός
499 2481 561 2566 ῶνς
588 2484 622 2548 τί
634 2492 819 2569 γειροτονεΐς
833 2486 913 2549 κατὰ
929 2491 992 2553 τῶν
1007 2483 1227 2575 δπλουστίρων
1239 2500 1347 2571 uro-2]

203 2591 271 2670 χῶν
284 2582 453 2670 θεολόγους
472 2584 653 2672 αὐθημερόν
659 2634 671 2666 ,
701 2588 753 2650 καί
767 2597 861 2663 ποιεῖς
876 2590 986 2673 λογίων
1007 2587 1142 2672 ἇμαθῶν
1160 2612 1307 2675 τυραννι-

206 2688 247 2755 κὰ
260 2690 424 2775 συνίδριας
450 2693 483 2755 τί
496 2699 561 2765 τοῖς
574 2688 731 2774 ἀραχνίοις
746 2689 900 2773 ίνδεσμεῖν
919 2698 1092 2779 προθυμεΐς
1107 2692 1183 2770 roric
1205 2693 1304 2761 ἀσθε-

275 2821 301 2875 1.
311 2815 488 2944 γραμμάτων
499 2835 547 2876 em
565 2817 642 2874 Bois.
661 2835 709 2890 pro
726 2817 903 2891 πραγμάτων.
995 2824 1023 2879 2.
1038 2815 1094 2879 νόν
1109 2839 1159 2876 eus.
1171 2822 1242 2877 idem
1255 2839 1303 2894 pro

273 2908 331 2945 κα.

205 3009 338 3062 vesperam
356 2991 442 3044 redire
461 2990 532 3045 soliti
552 2994 655 3056 essent,
677 3007 708 3045 ac
720 2991 765 3044 vix
778 2991 858 3061 prima
872 2991 1017 3047 litterarum
1031 2993 1156 3049 elementa
1168 2994 1304 3049 srtioeiete

202 3060 342 3115 enunciare
356 3059 524 3121 didicissent3
546 3059 590 3112 alii
606 3077 655 3113 non
671 3061 709 3112 ita
723 3061 822 3131 pridem
836 3063 973 3131 sacrilegia
988 3063 1158 3127 admiserant,
1185 3074 1213 3117 et
1233 3082 1262 3116 se
1277 3064 1303 3116 ia

202 3127 369 3200 lupanaribus
389 3127 527 3181 identidem
547 3129 742 3193 volutaverant3
772 3148 835 3194 nec,
855 3140 885 3183 ut
906 3131 939 3183 ud
960 3150 1018 3187 euru
1041 3132 1177 3202 dignitatis
1196 3133 1304 3202 gradum

203 3199 391 3260 eveherentur,
408 3196 476 3249 aliod
492 3197 630 3267 quidquam
645 3199 815 3265 contulerant,
830 3199 879 3253 nisi
892 3200 1074 3271 professionem
1087 3201 1142 3255 eius
1154 3202 1303 3266 λιιιοισεεοι,

204 3284 279 3338 quarn
294 3266 327 3317 im
348 3265 387 3317 ius
400 3266 517 3319 Palnmas
528 3267 692 3323 instituisset.

273 3331 300 3389 4.
346 3352 391 3387 aec
406 3352 462 3387 curn
474 3335 512 3387 ita
523 3354 552 3388 se
563 3336 696 3399 haberent,
713 3354 763 3406 ego
774 3337 952 3407 imperatorem
964 3336 1085 3408 privatim
1098 3338 1223 3405 conveui3
1241 3338 1303 3392 ami·

204 3402 292 3457 citiam
314 3410 426 3456 nostram
443 3413 555 3458 veterem
574 3407 601 3457 in
621 3407 678 3474 ipso
694 3406 819 3459 orationis
840 3406 944 3460 exordio
971 3409 1178 3470 commemorarit
1208 3417 1302 3477 quaet!

204 3472 380 3526 sollicitudine
392 3474 514 3539 dignitati
529 3483 557 3527 et
572 3473 670 3527 animae
683 3475 756 3539 eius,
773 3483 801 3528 et
819 3475 954 3529 diuturnae
966 3492 1022 3528 cum
1033 3476 1116 3546 ipsius
1132 3484 1188 3529 tum
1206 3478 1303 3530 libero-

203 3559 261 3597 rum
276 3542 462 3594 conservationi
474 3542 643 3612 providerem,
657 3544 852 3597 commonefeci:
870 3545 962 3598 deinde
975 3546 1009 3598 ed
1024 3547 1214 3615 coarguendum
1228 3546 1302 3600 solite

202 3627 273 3665 more
286 3610 423 3674 descendi,
441 3627 488 3681 pro
505 3612 630 3664 communi
645 3612 811 3666 ecclesiarum
832 3629 897 3682 pace
909 3622 937 3668 et
947 3631 993 3684 pro
1010 3616 1154 3668 orthodoxe
1171 3616 1223 3668 tide
1238 3633 1303 3685 prn-

201 3697 336 3751 pugnane;
360 3696 468 3749 eumque
485 3681 603 3733 humatus
624 3698 696 3745 sum,
727 3691 757 3734 ut
780 3691 896 3736 muneret
913 3684 982 3736 intra
1003 3684 1124 3736 terminos
1145 3700 1161 3736 a
1184 3686 1301 3754 patribus

201 3749 371 3813 constitutos,
389 3756 467 3817 atque
480 3758 509 3800 ut
524 3766 557 3801 ne
574 3751 714 3818 praefixam
728 3759 819 3804 suetum
837 3753 996 3815 transiliret,
1015 3769 1065 3805 neu
1081 3752 1224 3805 hominibus
1239 3754 1301 3807 adeo

200 3817 329 3889 imperitis
347 3825 375 3871 et
396 3817 575 3869 inverecundis
599 3818 745 3888 theologiae
766 3822 889 3889 mysteria
911 3822 1048 3892 proderet,
1071 3828 1162 3874 macta
1184 3824 1300 3887 canibus,

199 3895 229 3941 et
248 3888 334 3957 porcis
356 3885 516 3955 margaritas.
554 3887 619 3955 (ll.)
637 3889 727 3956 ltaque
741 3902 831 3941 sacrus
846 3890 987 3959 σαίρουσαν
1001 3907 1058 3942 cum
1076 3908 1132 3943 mea
1145 3890 1230 3960 ipsius
1246 3909 1301 3944 ora·

198 3957 269 4010 tione
278 3966 433 4010 connectens
441 3955 630 4024 „Quidagis‘l”
647 3956 821 4027 (inquiebam)
834 3959 906 4023 „Ubi
919 3976 990 4012 mens
998 3958 1064 4011 tuni
1082 3960 1152 4022 Quid
1162 3961 1301 4013 crabrones

198 4024 263 4078 istos
285 4026 410 4079 adversus
428 4025 577 4094 religionem
603 4028 732 4080 suscitas?
763 4028 818 4080 Cur
837 4028 870 4081 de
886 4031 941 4082 Deo
956 4029 1090 4097 disputare
1105 4028 1299 4098 eoepermittia

198 4094 243 4164 qai
257 4112 289 4147 ne
303 4094 480 4148 vulvatissima
500 4096 602 4164 quidem
622 4104 649 4148 et
669 4095 764 4166 passim
785 4096 862 4149 obvie
880 4096 1049 4166 intelligunt?
1078 4096 1150 4159 Quid
1170 4097 1300 4152 Chelones

198 4164 290 4216 turrim
308 4141 425 4228 moliris,
446 4165 585 4217 destitutus
600 4167 679 4217 rebus
698 4166 733 4218 ad
752 4182 807 4217 eam
828 4165 1008 4220 absolvendam
1029 4164 1205 4219 neeessariistl
1229 4165 1300 4230 Quid

198 4233 289 4286 volare
300 4232 327 4285 ἰιι
345 4234 527 4301 caelumcupis
539 4234 619 4303 pedes
632 4234 740 4285 viatort
765 4235 820 4285 Cur
837 4234 906 4287 intra
925 4235 1002 4288 unius
1022 4235 1074 4288 diei
1094 4234 1207 4319 spatium
1226 4237 1299 4288 theo·

200 4302 274 4371 logos
296 4302 424 4367 instituis,
448 4303 492 4370 qui
512 4306 609 4355 animas
634 4302 762 4372 simplices
781 4310 950 4385 pervertent,
974 4312 1002 4356 et
1017 4304 1129 4357 indoctus
1149 4303 1299 4357 ductoribus

200 4371 293 4427 accitis
304 4370 413 4427 eoncilia
426 4370 499 4441 rogis
512 4371 670 4442 tyrannica?
693 4371 766 4438 Quid
781 4372 922 4427 umbecilloa
935 4373 1077 4446 illaqueare
1091 4388 1244 4429 arantem
1257 4386 1296 4426 re·

1454 2874 1461 3109 l
