2992 4792
474 306 826 417 emmeramme
1090 296 1192 399 ’πνοι

115 479 254 543 astinisni
272 483 381 563 gelen,
406 484 543 548 declarat
557 486 680 548 Taetses
696 487 728 548 in
749 488 830 550 varie
850 488 986 549 historio.
1019 487 1095 553 vita
1116 492 1194 572 Gyl-
1298 490 1301 497 ⁴

131 565 172 625 de
192 570 333 649 Topogr.
354 574 582 651 constantinop.
606 571 657 636 lib.
674 574 712 638 11.
733 594 799 653 cap.
814 575 908 638 xvn.
939 575 1014 636 Vide
1035 587 1067 640 et
1091 578 1193 657 Augu·

115 652 145 711 is
170 654 351 735 Ecphrasin
375 658 647 738 Psobymerianam.
688 678 802 719 oorvrx.

119 742 195 820 Pvg.
219 746 306 816 276,
330 748 386 808 20.
433 743 494 806 nst
508 739 607 820 τὰμὲν
620 746 677 805 rosi
695 745 798 817 κίονος
813 742 926 824 μῆκος]
946 744 1191 808 Bondelmontius

115 840 290 904 rgeneorum
308 829 476 889 cubitorum
492 827 581 887 sitam
599 829 685 888 sacis:
707 829 739 887 id
758 830 839 907 qnod
859 829 1034 891 incredibile
1050 842 1104 895 est.
1131 834 1191 892 Le-

115 929 166 967 um
185 910 439 992 proculdubio,
459 914 644 994 septuaginta
661 912 835 983 cubitorum.
883 916 1033 992 Gregorss
1052 937 1116 977 eam
1136 938 1192 978 nos
1230 984 1236 997 ,

115 996 197 1055 nbra
216 997 321 1057 metiri
334 998 436 1074 iubet;
459 999 628 1077 quasivero
645 999 674 1058 id
689 1019 744 1057 nos
759 999 857 1058 facere
874 1000 1026 1079 possimus
1039 999 1099 1063 hoc
1113 1012 1191 1063 tem-

118 1124 126 1153 ,
157 1102 233 1141 oum
253 1102 313 1142 nec
333 1084 495 1161 vestigium
515 1082 637 1163 quidem
661 1085 724 1144 eius
747 1084 901 1145 columnae
924 1086 1018 1145 ullum
1040 1098 1188 1166 superest.

115 1164 154 1223 lsi
170 1167 336 1225 etiamnum
353 1176 451 1229 staret
471 1169 603 1244 integra,
623 1189 681 1228 nec
700 1170 744 1229 sic
766 1169 887 1248 quidem
909 1191 972 1229 eam
992 1172 1094 1232 metiri
1115 1172 1190 1234 hinc

115 1270 211 1328 emus,
235 1261 271 1313 ut
284 1252 417 1313 Woliius
434 1263 515 1313 recte
529 1254 561 1313 in
579 1254 710 1333 margine
725 1263 856 1315 annotet.
898 1276 1011 1318 sorvns.

116 1354 195 1433 Pvg·
218 1358 295 1432 277,
316 1354 349 1420 4.
400 1351 441 1420 Ti
456 1354 490 1418 di
504 1360 601 1437 μῆκος
614 1350 740 1420 indotos
755 1351 920 1439 δακτύλου]
942 1358 1037 1434 Quasi
1049 1378 1123 1419 vero
1136 1358 1188 1420 di·
1247 1317 1251 1333 Ι

115 1456 163 1495 um
177 1438 315 1500 omnium
333 1440 441 1502 eadem
457 1451 534 1502 esset
548 1442 715 1521 longitudo.
757 1462 871 1504 corvus.

118 1542 193 1620 Pug-
217 1546 301 1619 277,
327 1547 380 1608 12.
430 1539 471 1606 Τό
492 1540 526 1607 δὲ
547 1547 601 1626 τῆς
622 1538 740 1626 κνήμης
758 1548 817 1607 τοῦ
839 1538 932 1617 ποδός
953 1537 1049 1607 αὐτοῦ
1068 1537 1184 1623 πάχος]

132 1625 172 1684 sit
191 1622 299 1708 κνήμη
318 1632 380 1690 τοῦ
394 1624 489 1703 ποδός
507 1649 568 1689 non
590 1631 661 1690 satis
680 1630 792 1710 liquet,
813 1629 871 1688 nisi
887 1629 925 1689 sit
940 1649 973 1688 eo
993 1648 1064 1709 pers
1082 1629 1183 1704 tibiae,

122 1710 158 1767 ad
179 1711 291 1789 pedem
313 1714 459 1792 proxime
480 1709 608 1785 accedit,
630 1726 659 1775 et
680 1725 726 1775 est
743 1715 874 1774 maxime
893 1714 1023 1792 gracilis.
1067 1714 1186 1773 Dicitur

125 1793 259 1856 homine.
307 1799 363 1857 Sic
386 1799 467 1879 opud
486 1800 618 1859 Nicetom
639 1801 670 1858 in
692 1801 873 1877 fragmento,
896 1800 979 1878 quod
992 1798 1040 1857 vir
1059 1797 1183 1860 doctiss.

115 1881 242 1940 irnestus
262 1883 402 1944 Grabius
422 1904 539 1944 mecum
554 1883 765 1945 humanissime
781 1883 1027 1960 communicavit,
1057 1883 1185 1943 simule-

115 1964 298 2044 1Hercu1is,
323 1990 342 2028 a
357 1968 538 2050 Lysimacho
554 1970 664 2046 efficti,
688 1971 800 2030 dicitur
822 1971 913 2029 fuisse
936 1963 1015 2032 οὕτω
1036 1968 1184 2051 μέγιστον,

115 2045 146 2128 ἤν
160 2058 372 2133 περιελοῦσαν
391 2048 445 2117 τᾶν
465 2048 560 2116 ον’τοῦ
573 2048 724 2138 οἷντίχειρα
744 2049 899 2138 μήρινθον
919 2054 961 2127 εἰς
974 2048 1115 2135 ἀνδρεῖον
1130 2057 1183 2128 ζω-

115 2158 129 2194 u
156 2135 376 2216 ἐντείνεσθαι,
416 2138 468 2202 soti
496 2135 699 2222 τὴνννήμην
720 2144 778 2205 τοῦ
799 2135 895 2215 nodie
919 2140 963 2215 εἰς
982 2133 1183 2223 ἆνὸρόμηκες.

116 2239 186 2386 ibg-
208 2311 292 2381 277,
318 2308 373 2374 15.
420 2313 488 2372 Toiv
504 2305 626 2373 ἄνωθεν
648 2308 682 2372 ἐκ
695 2313 831 2391 Σομρικῆς
850 2306 1071 2390 κομιζομένων]
1093 2309 1181 2371 Wol·
1218 2288 1223 2296 Ι

115 2409 157 2447 roo
175 2393 337 2470 expressit
351 2394 525 2455 adverbium
547 2391 679 2459 ἅνὲοθεν.
707 2396 770 2474 Ego
789 2396 826 2455 ad
851 2396 1042 2476 praeteritum
1061 2397 1180 2475 tempus

115 2496 203 2551 eram,
227 2486 330 2558 atque
343 2480 385 2539 ita
400 2492 557 2556 verteram,
579 2482 632 2564 qui
650 2504 665 2539 e
679 2477 781 2541 Serum
797 2485 912 2563 regione
926 2478 998 2541 olim
1013 2478 1179 2565 effaban-

131 2562 216 2621 Nunc
231 2561 294 2622 loci
311 2565 490 2627 adverbium
505 2587 568 2626 esse
586 2566 740 2640 existimo,
764 2576 794 2625 et
814 2568 857 2625 sic
877 2566 1078 2645 interpretor,
1100 2567 1180 2647 quie

115 2667 136 2702 n
152 2650 268 2727 regione
283 2645 400 2711 devecti
414 2648 471 2712 buo
489 2647 676 2710 descendant.
722 2651 808 2723 Quae
828 2650 865 2708 ab
877 2651 1000 2710 Oriente
1016 2650 1179 2709 offereban-

126 2751 156 2789 sa
169 2733 317 2811 Byzantii
338 2731 462 2798 ἄνωθεν
477 2735 577 2794 afferri
593 2733 746 2804 dicebant3
770 2755 848 2813 quse
867 2735 904 2792 sb
919 2734 1102 2807 Occidente,
1124 2730 1180 2796 noi·

115 2838 142 2875 ν.
182 2818 233 2877 Sic
246 2820 332 2880 idem
350 2820 497 2899 Gregoras
518 2821 549 2878 in
570 2819 766 2899 inscriptione
788 2820 931 2898 epistolae
945 2818 985 2877 ad
998 2819 1179 2899 Pepagome-

115 2901 292 2983 ,περὶτῶν
316 2904 475 2969 ἒλθοοοῶν
497 2899 579 2989 seinai
598 2908 821 2986 οερατολογιῶν,
843 2910 903 2966 τῶν
924 2901 980 2984 μὲν
1000 2899 1123 2965 ἄνωθεν
1143 2902 1180 2967 ἐκ

115 2988 273 3067 aermnae,
295 2995 360 3053 stis
382 2987 415 3053 δὲ
436 2986 573 3073 κάτωθεν
595 2990 626 3068 ἐξ
645 2984 778 3064 Ἰταλίας.
809 2989 897 3087 Vide,
903 3009 973 3072 pag.
989 2991 1063 3054 276.
1084 3009 1178 3070 supra

115 3090 140 3127 ΞΓ
159 3115 168 3134 0
209 3095 329 3135 solvm-
546 3135 548 3138 ,

118 3091 238 3219 Ιέἰᾶοη.
274 3161 347 3221 Nou
361 3159 556 3221 omittendum
568 3156 628 3221 boc
642 3159 712 3221 loco
725 3154 758 3219 id
770 3159 853 3240 quod
868 3170 971 3221 narrat
984 3160 1089 3220 Petrus
1101 3158 1176 3243 Gyl-

131 3240 326 3326 Topograph·
345 3247 606 3326 Constantinopol.
625 3245 679 3307 lib.
699 3245 735 3305 ll.
759 3266 824 3325 cap.
838 3245 935 3306 XVII.
961 3242 1092 3305 Barbari
1099 3289 1108 3319 ,
1128 3245 1177 3303 in·

115 3368 118 3394 ‚
146 3330 227 3389 omni
247 3354 334 3391 aereo
354 3333 475 3408 vestitu,
496 3346 524 3390 et
540 3351 631 3415 equo,
655 3344 682 3390 et
703 3344 803 3390 statuo
824 3327 992 3390 columnam
1015 3331 1176 3390 Iustiniani

115 3412 215 3489 orant,
236 3414 409 3498 aliquotque
422 3438 516 3477 annor
532 3415 612 3476 nudo
627 3416 776 3483 remansit.
827 3413 956 3475 Tandem
969 3429 1037 3475 onie
1051 3414 1174 3494 triginta

115 3516 132 3551 u
144 3519 239 3558 everen
254 3515 298 3559 est
317 3515 380 3561 tota
397 3526 431 3562 ue
453 3525 487 3560 ue
502 3499 551 3559 -cd
570 3498 761 3580 stridorem,
785 3522 868 3584 quem
889 3522 968 3559 anno
983 3503 1130 3582 superiore
1140 3497 1174 3578 *)

115 3574 173 3640 'itus
186 3583 250 3645 vidi
263 3583 408 3645 exscindi.
432 3524 519 3646 idem
535 3587 626 3665 paulo
638 3586 732 3661 inira,
754 3583 921 3669 Equestrem
936 3581 1096 3644 Iustiniani
1111 3598 1173 3645 sto·

115 3685 135 3737 ι,
162 3689 249 3748 quam
267 3666 356 3730 modo
380 3668 451 3731 dixi
467 3694 559 3754 supro
585 3669 662 3732 buno
685 3669 854 3731 columnam
870 3668 966 3752 fnisse
983 3667 1172 3744 collocatam,

115 3762 180 3809 nom
197 3751 249 3815 diu
265 3756 296 3814 in
311 3752 441 3817 clasma
460 3759 534 3837 regii
548 3754 683 3832 Palatii,
708 3754 859 3837 deportari
875 3777 966 3835 nuper
986 3752 1049 3814 uidi
1067 3757 1097 3814 in
1121 3776 1172 3816 co-

115 3852 149 3905 ta,
169 3837 273 3918 quibus
292 3837 413 3900 metullo
424 3839 602 3925 funduntur
620 3842 651 3899 in
669 3840 821 3899 machinos
842 3836 979 3913 bellicos,
1003 3841 1079 3899 inter
1096 3861 1173 3921 quoe

125 3913 279 3984 Iustiniani
295 3947 363 3985 orus
380 3928 557 4006 proceritate
577 3946 670 3984 meum
691 3940 833 3985 staturam
851 3946 1006 4003 superans,
1036 3939 1064 3983 et
1081 3944 1174 3983 nasus

115 4018 182 4064 onte
195 4004 318 4091 longior.
365 4008 458 4069 Crura
475 4007 598 4095 equiori
614 4025 720 4069 terrum
741 4011 873 4090 proiecto
889 4010 986 4068 metiri
1004 4030 1062 4069 non
1075 4011 1169 4091 potui.

114 4084 281 4171 inrogatam
298 4117 411 4153 mensus
430 4118 494 4154 sum
514 4092 641 4170 occulte,
662 4108 689 4153 et
711 4090 884 4175 deprehendi
904 4090 1092 4163 dodmntolis
1111 4115 1171 4153 em

115 4167 211 4234 edne,
252 4179 371 4260 Gyllius
389 4199 426 4240 ex
438 4200 493 4241 sua
509 4180 604 4261 ipsius
617 4187 731 4240 statura
748 4178 964 4239 aestimandum
977 4179 1064 4240 nobis
1078 4179 1169 4238 retin-

115 4314 222 4385 buseo
237 4328 338 4403 scripte
353 4336 414 4386 eunt
429 4329 534 4386 circiter
550 4348 592 4387 eo.
601 4329 662 4386 cor.
680 4329 758 4387 nso
793 4343 896 4386 rorent.
