2992 4792
383 258 618 394 fflsuoniau
637 322 914 394 RYZANTINAE
938 321 1060 397 xus
1198 312 1275 391 577

174 491 253 579 πρὸς
267 490 310 557 τὰ
321 488 466 573 βασίλεια
483 486 541 573 τὴν
558 487 705 575 ταχίστην
725 486 876 575 είσήνεγκέ
897 513 931 556 τε
956 491 1007 556 καί
1025 486 1081 575 τὴν
1100 485 1275 578 προσῆκον·
1291 498 1322 551 Α.
1336 499 1440 554 (3.1341

173 622 236 662 σαν
254 597 326 680 περὶ
350 593 447 661 adada
475 593 663 681 δορυφορίαν
688 592 869 677 συνέστησε,
903 594 1008 682 πᾶσαν,
1028 603 1092 670 τοῖς
1110 572 1441 693 βασιλείοιςωζέἕηζῖὡ

174 695 350 785 τἰσιγάλειαν
377 690 582 782 πορισάμενος
606 691 826 779 πανταχόθεν,
867 697 970 773 δείσας
991 692 1035 781 μή
1058 721 1088 762 τι
1107 693 1198 784 πάθη
1213 704 1305 763 τῶνΒ

176 798 341 886 άδοκήτιον
354 800 386 877 l}
404 798 554 886 ἀφανοῦς,
582 794 633 863 οἶα
647 795 792 876 πολλάκις
808 799 840 865 έν
855 809 920 875 τοῖς
938 796 1089 877 τοιούτοις
1105 804 1275 883 συμβαίνει.

149 900 251 993 affl.)
274 903 398 993 Ἀλεξίερ
411 900 446 967 δέ
464 907 509 990 τῷ
520 897 698 990 Ἀποκαύκιμ
706 949 718 983 ,
747 898 764 967 ὃ
779 899 926 978 πολλάκις
948 899 1170 988 έπιχειρήσαντι
1184 903 1279 991 πέρας

176 1006 234 1073 ούκ
258 998 301 1088 ἦν
325 1012 383 1090 τῆς
410 1003 538 1088 μελέτης
560 1008 685 1088 λαβεῖν,
713 998 765 1069 καλ
785 1010 841 1070 νῦν
859 1002 979 1085 ἀμελεῖν
998 1004 1053 1069 ούκ
1074 1007 1147 1090 ίνῆν
1169 1004 1276 1074 αὐτοῦ.

174 1106 325 1184 πολλάκις
338 1107 397 1194 γὰρ
413 1109 455 1183 είς
471 1108 604 1174 ἐπίνοιαν
620 1103 781 1191 έληλύθει,
808 1103 960 1195 φονεύσας
981 1106 1036 1173 τὸν
1065 1108 1197 1191 βασιλέα
1227 1112 1282 1175 καλ

177 1210 244 1294 ἅμα
260 1211 347 1299 αὐτῷ
358 1210 632 1295 Καντακοοζηνδν,
650 1207 743 1298 ἕτέριμ
757 1222 925 1295 παρασχεῖν
937 1210 974 1275 τὸ
988 1209 1279 1298 βασίλειονπεριζύ-

175 1309 444 1398 σασθαικράτος,
470 1310 491 1396 ἢ
513 1319 558 1402 τῷ
584 1315 661 1402 θείῳ
677 1318 735 1380 τού
755 1314 906 1397 βασιλέως
924 1315 1151 1403 Kosamba
1164 1321 1210 1404 τῷ
1228 1317 1308 1388 (λε-ο

135 1430 172 1483 10
179 1413 281 1504 σπότη
290 1465 301 1497 ,
329 1415 350 1501 ἢ
376 1412 550 1503 Σοργιάννη
573 1423 617 1504 τῷ
633 1414 900 1506 πολυτροπωτάτῳ
926 1418 978 1483 καί
996 1418 1201 1506 παραπλησίῳ
1221 1417 1279 1502 τὴν

177 1517 300 1586 σύνεσιν
314 1521 368 1583 καὶ
390 1517 449 1601 τὴν
471 1524 526 1602 τῆς
547 1515 670 1605 γνώμης
688 1517 870 1607 έμβρίθειάν
891 1543 925 1584 τε
947 1506 998 1585 καί
1012 1517 1154 1604 ὀξύτητα.
1182 1519 1280 1596 δεινός

177 1623 237 1708 γὰρ
257 1618 373 1706 ὁμοίως
390 1621 492 1709 έκείνιμ
512 1625 563 1686 καί
581 1620 675 1699 ariade
696 1624 728 1688 έν
743 1632 809 1698 τοῖς
825 1624 1050 1708 κατεπείγουσιν
1062 1615 1102 1708 ἦν
1118 1623 1279 1708 ἐπινοῆσαι

177 1726 220 1791 τὰ
239 1731 280 1812 τῇ
299 1726 388 1814 χρείη
416 1719 594 1811 κατάλληλα
625 1726 677 1790 καί
703 1720 800 1812 πόρον
833 1724 905 1803 όξδς
932 1736 998 1801 τοῖς
1024 1722 1152 1813 ἀπόροις
1169 1722 1277 1813 εὑρεῖν,

183 1827 271 1912 ὀλίγα
284 1828 340 1911 μίν
355 1823 533 1911 καθεύδων,
561 1827 742 1897 τὰπλεῖστα
761 1831 779 1893 δ
783 1828 793 1853 ³
810 1827 991 1917 ίγρηγορολς,
1018 1830 1069 1892 καὶ
1083 1829 1278 1917 σκεπτομένῳ

137 1930 223 1998 15τὰ
240 1929 368 2014 μέγιστα
379 1929 485 2005 ίοικολς
503 1933 556 1996 καί
576 1932 645 2017 περί
665 1931 832 2014 μεγίστων,
871 1932 923 1997 καί
945 1929 1069 1993 πλείονα
1091 1929 1199 2013 καιρδν
1213 1940 1282 2005 ταῖς

179 2030 328 2119 πράξεσιν
340 2030 361 2116 ἢ
375 2042 440 2108 τοῖς
450 2028 552 2119 λύγοις
566 2031 614 2098 oiri
625 2027 841 2121 παρεχόμενος.
867 2031 942 2097 nol
959 2032 1010 2099 καὶ
1031 2029 1110 2117 πρὸς
1131 2027 1309 2115 divitarum

181 2131 260 2217 όμοῦ
278 2136 330 2201 καί
345 2131 539 2220 δικαιοσύνην
557 2136 672 2221 ίχρῆτο
693 2144 759 2211 τοῖς
783 2130 1014 2221 προτερήμασι,
1040 2133 1120 2220 μέγα
1137 2131 1177 2213 iis
1195 2134 1283 2212 κλέος

180 2237 276 2314 αὐτὸς
290 2248 356 2314 τοῖς
366 2235 525 2321 Ῥωμαίων
537 2234 683 2322 ἐτύγχανε
689 2233 865 2324 πράγμασιν
878 2234 931 2303 τόν.
958 2244 1014 2302 νῦν
1029 2238 1063 2302 δέ
1075 2236 1150 2303 κατ’
1169 2237 1281 2303 ίκεῖνον

179 2340 234 2407 τὸν
245 2336 441 2424 Ἐπιδαύριον
459 2340 656 2429 Στρατοκλέα
669 2338 806 2424 αὐλητὴς
818 2341 875 2424 μέν
889 2332 928 2425 ἦν
945 2339 1083 2424 άγαθδς,
1112 2338 1283 2428 ίίνθριοπος

136 2442 218 2511 ταδ’
228 2444 284 2511 oda
293 2439 426 2529 ἀγαθός.
451 2443 557 2531 γένους
571 2442 631 2531 γάρ
644 2449 708 2509 τῶν
721 2439 840 2520 ἀδόξων
847 2439 993 2530 ὖπάρχιον
1006 2442 1115 2508 έκνέοο
1128 2446 1181 2510 καὶ
1193 2447 1283 2536 πενίρ

178 2546 452 2637 συντεθραμμένος
482 2552 537 2614 νύν
555 2547 612 2632 μίν
638 2543 761 2635 τούτῳ,
787 2551 843 2611 νῦν
863 2537 896 2611 δ’
920 2546 1021 2635 έκείνιμ
1041 2553 1160 2629 μισθοῦ
1176 2549 1283 2614 διακο-

177 2647 325 2734 νούμενος
342 2649 465 2716 διετέλει
479 2650 533 2717 τὸν
551 2646 682 2737 χρόνον·
706 2648 766 2715 κάκ
779 2655 842 2716 τῶν
855 2649 1023 2734 έλαχίστων
1035 2651 1168 2733 μείζοσιν
1180 2649 1311 2737 ἦρέμαΕ

178 2764 246 2830 τοῖς
261 2749 426 2831 δεσπόταις
441 2753 614 2837 άμοιβαδδν
630 2749 790 2840 χριόμενος
796 2800 807 2833 ,
835 2754 886 2817 καὶ
901 2759 995 2817 πᾶσιν
1011 2749 1154 2828 άντιδοδς
1166 2751 1206 2817 τά
1216 2754 1283 2835 χεί-

183 2880 293 2943 ριστα,
327 2853 484 2944 προδότης
507 2856 611 2946 σαφὴς
633 2851 880 2939 καθιστάμενος,
915 2852 1029 2920 ἔλαθεν
1049 2853 1105 2920 οὐκ
1126 2850 1197 2920 olda
1217 2861 1284 2931 πῶς

182 3026 246 3090 ptos
257 3018 436 3089 quamprimum
449 3018 476 3072 in
498 3018 621 3089 palatium
631 3018 779 3084 transtulit,
801 3017 894 3072 idoneo
906 3016 1045 3071 satellitum
1057 3017 1188 3086 praesidio
1200 3018 1282 3072 muni·

182 3088 240 3152 vit3
257 3090 323 3142 omni
341 3090 453 3158 denique
466 3107 498 3142 ex
512 3099 587 3158 parts
598 3088 781 3158 imperatoriae
797 3088 886 3140 domus
906 3086 1039 3140 securitati
1055 3087 1196 3152 consuluit,
1214 3087 1283 3141 veri-

180 3166 233 3222 rus,
245 3175 279 3210 ne
293 3158 356 3228 quid
369 3158 496 3227 inopinati
508 3158 595 3210 subito
607 3157 745 3222 accideret,
764 3162 793 3209 ut
805 3157 855 3209 illis
869 3156 1027 3226 temporibus
1036 3156 1092 3210 iere
1105 3158 1145 3209 lit.
1169 3157 1232 3225 (ll.)
1247 3159 1283 3210 At

180 3226 287 3281 Alexius
297 3230 453 3296 ›Apocauens'
466 3244 516 3280 non
534 3232 638 3297 poterat
650 3225 676 3278 id
692 3227 833 3296 negligere,
850 3227 918 3296 qnod
930 3242 1069 3295 aggressus
1084 3225 1186 3296 quidem
1204 3243 1283 3295 saepe

181 3304 248 3360 erar,
266 3295 299 3348 ad
314 3296 410 3348 exitum
424 3303 508 3349 autem
519 3296 662 3365 perducere
675 3312 804 3365 nunquam
816 3300 945 3365 potuerat
975 3295 999 3346 ls
1012 3295 1078 3348 enim
1091 3296 1223 3348 consilium
1238 3312 1282 3347 ce·

181 3370 257 3435 perat
270 3366 340 3416 baud
358 3365 435 3419 semel
446 3364 479 3418 de
490 3370 620 3435 potestate
632 3363 811 3434 imperatoria,
830 3364 875 3416 nbi
887 3363 1064 3433 imperatorem
1083 3381 1138 3417 cum
1151 3364 1283 3416 Cantacu-

181 3450 247 3487 aeno
264 3432 417 3496 occidisset,
437 3433 513 3486 alteri
528 3434 684 3498 deserenda,
708 3432 764 3485 sire
779 3432 903 3503 despotae
919 3431 1104 3497 Constantino,
1119 3432 1283 3502 imperatoris

181 3510 291 3572 patruo,
313 3502 370 3555 sive
389 3502 545 3572 Syrgianni,
569 3501 625 3555 viro
646 3502 837 3566 versutissimo,
859 3500 904 3571 qui
924 3508 952 3553 et
965 3501 1022 3569 ipse
1035 3503 1172 3571 Apooauco
1188 3501 1284 3554 intelli·

180 3571 285 3640 geutia‚
309 3570 384 3640 gravi
406 3571 515 3636 iudicio,
545 3570 669 3625 acerrimo
688 3588 721 3623 ue
739 3571 844 3641 ingenio
862 3569 991 3639 proximus
1015 3569 1073 3622 suit.
1123 3572 1191 3624 Erat
1216 3570 1281 3624 enim

180 3646 343 3709 Aposaueus,
360 3639 566 3710 quemadmodum
577 3640 635 3703 ills,
652 3590 729 3694 ribus
745 3638 931 3709 angustissimis
947 3639 1028 3691 solers
1044 3639 1072 3691 id
1085 3640 1154 3711 quod
1165 3639 1223 3693 usui
1239 3658 1282 3692 es·

181 3717 224 3760 aet
239 3708 403 3777 excogitare,
421 3717 449 3762 et
462 3709 521 3762 inde
538 3710 661 3778 expedire
679 3728 709 3762 se
724 3711 792 3763 unde
810 3708 985 3763 difficillimum
1005 3715 1083 3761 esset.
1115 3710 1208 3762 Somno
1224 3716 1282 3761 ute-

180 3779 259 3830 batur
271 3793 358 3845 parce,
375 3778 449 3830 bomo
463 3778 562 3832 scilieet
575 3778 801 3848 vigilantissimus,
818 3776 953 3848 praeclara
967 3776 1099 3830 meditanti
1110 3796 1141 3831 ac
1156 3779 1189 3831 de
1200 3778 1283 3832 maxi·

181 3846 230 3899 ais
248 3847 327 3898 rebus
345 3846 498 3900 deliberanti
515 3846 613 3901 similis.
647 3847 709 3900 Plus
726 3848 837 3917 deniqne
853 3845 976 3916 temporis
992 3846 1092 3915 agendo
1109 3848 1189 3902 dabat
1207 3864 1282 3917 quam

182 3914 302 3967 dicendo.
338 3915 439 3978 Quibus
460 3916 483 3968 si
502 3916 602 3970 eximiis
619 3934 681 3970 rane
700 3916 802 3970 dotibus
822 3917 856 3970 ad
876 3916 1012 3969 veritatem
1031 3913 1204 3986 iustitiamque
1221 3934 1282 3969 osus

180 3983 269 4047 toret,
284 3999 405 4052 maguum
423 3985 482 4055 ipse
500 3986 669 4040 Romanorum
687 3987 765 4039 rebus
777 3985 907 4039 extitisset
921 3992 1100 4038 ornamentum.
1134 3985 1282 4050 Enimvero,

182 4057 213 4103 at
223 4051 384 4121 Epidaurius
402 4052 446 4106 ille
459 4054 618 4119 sasenates,
637 4054 735 4108 tibicen
748 4055 850 4125 quidem
866 4060 923 4108 erat
937 4055 1033 4118 bouus,
1049 4052 1091 4106 vir
1106 4062 1191 4109 autem
1204 4056 1286 4107 bonus

181 4119 284 4173 minime
297 4127 364 4175 erat.
398 4122 467 4176 Nam
479 4142 496 4177 a
508 4125 628 4193 pueritia,
646 4141 702 4177 cum
714 4124 836 4194 ignobilis
849 4125 918 4176 foret
931 4140 1027 4192 genere
1044 4128 1072 4176 et
1092 4122 1119 4176 in
1134 4130 1286 4194 paupertate

181 4188 326 4253 educatus,
342 4190 434 4244 locatis
444 4192 519 4245 modo
535 4193 594 4247 baie
608 4193 682 4248 modo
695 4193 735 4246 illi
747 4194 833 4263 operis
845 4192 1027 4256 victitaverat3
1044 4209 1152 4264 cumque
1164 4194 1198 4245 ab
1211 4192 1286 4247 mini-

180 4258 231 4312 mis
245 4258 279 4310 ad
293 4257 401 4312 maiores
419 4261 512 4315 sensim
579 4263 707 4333 datimque
723 4262 839 4315 dominos
851 4262 1027 4332 pervenisset,
1044 4279 1108 4331 qnos
1122 4279 1208 4316 ornnes
1221 4279 1286 4331 pea-

181 4325 247 4382 sime
262 4328 448 4395 ammonuit,
464 4279 615 4386 ιοιιαλίόίίοι
631 4348 721 4402 neanpe
735 4348 822 4385 eorum
835 4330 966 4402 proditor,
980 4330 1009 4386 in
1021 4330 1102 4402 ipsum
1117 4349 1219 4405 quoque
1230 4333 1287 4384 tur·
