2992 4792
243 357 319 432 716
554 359 789 430 NICEPHORI
809 359 1049 429 GREGORAE

84 546 114 597 a
126 543 160 595 lt
174 538 308 618 6852flos
322 527 391 614 βίον
408 521 576 606 άνύοντας,
603 524 644 591 τά
664 522 760 609 πτερά
783 529 840 608 τῆς
860 523 951 609 εύχῆς
966 520 1065 608 ἡσυχῆ
1084 522 1162 611 πρὸς
1175 521 1251 589 θεδν
1269 519 1348 589 dra·

13 626 14 629 Ἴ
119 616 170 668 hd·
181 615 391 734 12Ειπίμπειν,
419 628 467 697 ὅτι
489 631 538 696 καί
556 627 672 712 πολλὴν
686 625 765 714 πρός
783 624 913 711 ἡσυχίαν
927 627 1051 712 παρίχει
1065 625 1122 710 τὴν
1143 625 1272 712 εύηυίαν
1284 637 1349 702 τοῖς

248 738 307 822 τὴν
323 731 466 823 οῦράνιον
480 735 511 798 ἐν
525 738 564 819 γῇ
577 730 708 814 μετιίναι
725 730 867 795 ἔθίλουσι
882 731 1055 810 πολιτείαν,
1084 732 1134 794 καί
1154 726 1231 813 πρός
1244 754 1276 812 γε
1291 728 1347 812 τὴν

248 839 395 926 χορηγίαν
416 841 477 902 τῶν
497 837 539 912 είς
558 833 678 921 τροφὴν
699 833 847 897 παντοίαν
867 833 1042 916 ἐπιτηδείως
1058 828 1189 915 ἐχόντων
1203 830 1348 916 άηθονον

250 942 374 1008 οἴκοθεν
394 939 495 1005 οίκαδε
515 937 570 1004 τὸν
590 935 712 1002 ἅπαντα
728 932 842 1021 χρόνον
855 937 1026 1019 πορίζεται·
1053 936 1103 999 καί
1120 934 1184 1017 άμα
1197 930 1369 1020 θαλάσσηὸ

154 1051 357 1134 Ρ.449μακρᾷ
376 1046 598 1127 στεφανοῦται,
626 1037 743 1122 πολλὴν
765 1035 808 1113 ὡς
827 1038 860 1101 ίκ
876 1034 988 1104 κύκλου
1008 1033 1173 1122 κομιζούση
1187 1035 1243 1120 τὴν
1255 1033 1347 1122 χάριν

252 1148 347 1236 αύτῷ,
366 1143 451 1230 παρὰ
465 1150 614 1210 τοσοῦτον
627 1141 671 1225 μὴ
686 1147 780 1225 νῆσον
794 1137 868 1205 είναι
882 1138 1031 1218 καθάπαξ
1046 1139 1121 1205 αῦτύ
1135 1134 1345 1225 συγχωρούση,

250 1247 389 1337 παρόσον
408 1250 514 1335 ἰσθμῷ
536 1271 593 1311 τινι
617 1243 662 1328 μὴ
686 1243 742 1309 σύν
757 1240 840 1329 πόνῳ
856 1250 1053 1329 καρποῦσθαι
1070 1245 1120 1306 καί
1135 1241 1191 1324 τὴν
1203 1241 1261 1317 ἔξω
1275 1266 1348 1324 χεο-

250 1354 345 1437 μίνην
361 1352 403 1426 είς
413 1357 512 1434 μῆκος
526 1346 591 1432 ἅμα
604 1350 655 1412 καὶ
670 1344 787 1422 πλάτος
798 1345 922 1432 ἤπειρον
937 1348 1053 1411 δίδωσι.
1081 1346 1131 1410 καί
1146 1340 1252 1419 άπλιῦς
1268 1370 1349 1407 παν-

250 1452 387 1538 ταχόθεν
404 1454 461 1518 ἓκει
490 1478 530 1517 τα

249 1566 307 1641 τῆς
325 1553 445 1643 φύσεως
464 1551 541 1639 πρός
564 1578 597 1618 τε
613 1558 668 1635 τῆς
691 1557 754 1616 τῶν
776 1549 939 1616 οἰκούντων
960 1547 1125 1633 ἀσκήσεως.
1154 1548 1190 1614 οῦ
1215 1550 1348 1633 γυναίων

225 1659 332 1736 alenc
348 1660 410 1724 ἐκεῖ
423 1657 584 1735 ξυναυλία,
612 1657 662 1718 καὶ
678 1650 850 1719 ἀκόλαστον
866 1653 969 1736 ὄμμα,
997 1655 1048 1718 καί
1060 1654 1199 1736 χλιδῶσα
1221 1676 1349 1733 κομμω-

252 1762 320 1846 τικὴ
328 1811 339 1842 ,
368 1763 419 1825 καί
438 1758 495 1824 ὅσα
512 1759 567 1840 τὴν
589 1756 720 1842 ἀρχαίαν
735 1762 790 1821 τοῦ
808 1755 906 1841 όηεως
921 1752 1041 1838 ὁμιλίαν
1056 1756 1169 1837 ἐκείνην
1185 1754 1228 1828 είς
1247 1755 1349 1837 ἔγκαι-

253 1867 326 1931 νίων
338 1863 405 1928 τινὰ
421 1858 541 1945 συνάγει
561 1856 728 1943 πανήγυριν
744 1861 795 1922 καί
815 1865 935 1944 μακροῦ
957 1864 1107 1933 κυκεῶνος
1127 1859 1177 1921 καί
1192 1854 1349 1933 κλύδωνος

254 1967 309 2033 τὸν
322 1968 392 2048 βίον
411 1966 608 2046 ἐμπίπλησιν·
636 1961 706 2025 οὐδ’
729 1962 870 2045 ἐμπορίαι
889 1958 1046 2045 δημόσιοι,
1074 1962 1124 2025 καὶ
1138 1959 1247 2045 άγοραί
1255 2008 1267 2039 ,
1296 1960 1346 2024 καὶ
1357 1974 1390 2032 15

252 2064 457 2154 ἀγορανόμοι,
485 2067 535 2129 καί
550 2062 708 2129 δικαστικά
721 2054 868 2146 βήματα,
897 2068 947 2128 καί
961 2060 1097 2148 γλώττης
1114 2064 1268 2141 ἐπίδειξις,
1297 2063 1349 2126 καὶ

253 2177 351 2257 τῦφος
377 2168 438 2233 άπὸ
461 2169 572 2252 δίφρου
593 2167 747 2243 θεσπίζων
767 2164 806 2228 τά
822 2172 877 2247 τῆς
894 2164 1019 2252 δρίξεως
1034 2162 1158 2247 νόμιμα.
1187 2164 1259 2229 οὐδὲ
1272 2167 1348 2230 dov-

226 2274 322 2340 ὓλεία
339 2271 389 2335 καί
403 2267 552 2334 αύθεντία
567 2269 677 2353 μερίζει
692 2265 745 2331 τόν
759 2269 829 2349 βίον
842 2270 917 2331 ἐκεῖ·
939 2267 1015 2333 ἀλλ’
1034 2269 1193 2352 ἰσηγορία,
1220 2269 1271 2331 καὶ
1291 2291 1349 2350 με·

253 2370 376 2459 τριότης
391 2368 607 2459 φρονήματος,
633 2370 683 2432 καί
698 2367 799 2451 ἤθους
820 2366 987 2455 σεμνότης,
1014 2373 1065 2434 καί
1087 2365 1279 2452 δικαιοσύνης
1297 2368 1348 2434 εύ-

252 2475 350 2562 γίνεια
372 2480 557 2558 σκηνοβατεῖ
579 2473 629 2535 καί
657 2470 841 2557 περιχυρεύει
864 2472 918 2537 τόν
934 2479 1039 2556 χιῦρον
1060 2474 1187 2551 ἐκεῖνον,
1215 2474 1266 2537 καί
1286 2468 1390 2542 donin

253 2579 310 2663 τὴν
324 2578 431 2642 ίνθεον
446 2577 478 2640 ἐν
498 2580 537 2660 γῇ
561 2576 739 2659 δημιουργεῖ
756 2575 927 2654 πολιτείαν,
956 2577 1007 2640 καί
1029 2574 1085 2657 τὴν
1099 2573 1195 2650 ῦντως
1213 2576 1347 2660 ἐνψυχῇ

254 2669 439 2768 ηιλοσοιγίαν
451 2675 614 2762 ἐργάζεται.
631 2675 666 2741 ού
683 2681 814 2752 πλοῦτος
827 2677 889 2741 ε’κεῖ
896 2679 946 2742 καί
963 2674 1084 2760 δαπάνη
1102 2674 1273 2762 χρημάτων
1295 2678 1347 2741 καὶ

171 2792 175 2811 “
251 2779 446 2868 βλακεύουσα
462 2777 582 2866 θρύψις
598 2775 841 2863 ίμπολιτεύεται·
867 2778 940 2843 ἀλλ’
957 2778 1039 2845 ἅπαν
1053 2782 1135 2845 ἐστίν
1149 2780 1278 2864 άληθῶς
1295 2804 1348 2845 σε·

320 2896 346 2949 2.
365 2892 405 2950 ἔτι
420 2890 467 2946 κοιλ
483 2892 548 2945 oeni.
566 2890 640 2944 Boia.

252 2982 303 3033 lem
318 2980 444 3046 integram
458 2978 567 3040 iaciant,
583 2976 712 3046 supplioes
723 2982 840 3032 votorum
858 2994 955 3048 pennas
971 2978 1004 3032 nd
1016 2978 1097 3032 Deum
1116 2976 1255 3047 tranquille
1268 2975 1347 3029 attol-

250 3047 329 3101 lendi.
364 3048 467 3115 Quippe
480 3045 512 3098 ad
527 3047 688 3099 solitudinem
700 3054 728 3099 et
743 3048 855 3115 quietem
870 3050 977 3100 maxime
993 3048 1091 3101 habiles
1108 3047 1196 3100 reddit
1213 3062 1284 3098 mena
1302 3045 1348 3098 ills

250 3114 714 3237 t⁵nll03t'tl‘2llttlfflllr
724 3116 1164 3237 θῆοὲιλδίέλῗλέλῖθεῖλλῖ
1173 3115 1348 3235 illim*

252 3257 396 3314 coronatur,
416 3201 521 3320 qdodpei
533 3252 634 3304 multum
647 3201 850 3320 undiquepdliert
862 3254 1020 3317 venustatis,
1037 3271 1068 3306 ae
1080 3272 1111 3306 en
1126 3259 1223 3305 tantum
1239 3199 1348 3304 inoffi

250 3320 351 3374 omnino
365 3320 423 3372 llari
436 3338 486 3373 non
500 3319 577 3385 sinit,
596 3328 626 3374 nt
639 3322 722 3390 pessit
733 3339 780 3390 per
793 3322 910 3374 isthmum
922 3322 1083 3375 interiectum
1100 3321 1169 3374 facin
1184 3322 1274 3373 labore
1289 3321 1348 3372 iru-

251 3388 562 3510 illuminanti?
579 3397 715 3509 ‘dnm‘
732 3389 840 3511 l⁰⁸l0³¹¹
854 3390 955 3472 ¹⁰⁰³⁹¹¹¹
971 3391 1096 3512 nqqn
1114 3390 1285 3511 ““δ“““ίὲλπο
1297 3406 1348 3510 3ἔὲ

250 3475 378 3579 ίίιιυῑείδιο
389 3495 553 3579 excellentem
567 3475 836 3596 ετρυόίιῐῗῃόίννεαλοαί
849 3475 969 3581 όόίίίόαῖιό
981 3476 1349 3598 δρευῒεεοξόὶύόαόπῦίιόόίὶυω

252 3594 406 3649 institutum.
440 3594 573 3663 Nusquam
591 3594 627 3648 ibi
648 3595 850 3648 muliercularum
867 3596 1049 3660 contubernia3
1066 3612 1187 3665 nusquam
1201 3596 1290 3647 oculus
1306 3594 1349 3646 in·

249 3669 394 3730 temperem
414 3670 440 3717 et
460 3663 637 3716 effoeminatns
657 3663 711 3716 suci
728 3663 813 3727 nitor,
836 3671 863 3718 et
880 3677 995 3747 quaecun
1016 3682 1048 3718 ne
1065 3664 1262 3717 veteremoillan
1276 3663 1349 3716 vitse

251 3732 474 3795 consuetudinem,
492 3749 557 3801 qnae
570 3749 627 3785 cum
639 3733 767 3800 Serpente
784 3732 841 3786 olim
860 3734 927 3797 t'urt,
945 3683 1051 3802 quodem
1070 3732 1150 3787 veluti
1168 3732 1349 3786 encaeniorum

249 3800 317 3853 festo
331 3808 470 3863 renovant,
487 3817 518 3853 αα
530 3817 621 3869 magna
638 3800 801 3865 contusione,
818 3802 916 3871 ωοςπίε
929 3803 1058 3854 turbarum
1074 3801 1195 3855 fluctibns
1209 3803 1288 3853 vitam
1299 3800 1348 3852 im·

249 3868 331 3937 plant.
365 3870 498 3938 Nusquam
513 3869 549 3921 ibi
563 3868 666 3923 venales
678 3868 704 3922 in
718 3870 821 3939 publico
834 3888 945 3933 mercem
962 3887 1083 3940 nusquam
1095 3871 1162 3933 fora,
1181 3875 1227 3923 ant
1236 3868 1348 3933 aediles,

249 3944 296 3989 aut
308 3936 417 3990 indicum
431 3939 586 4002 tribunalia,
603 3945 651 3990 aut
667 3937 769 4007 linguae
782 3939 939 4002 venditatio,
957 3946 1001 3990 aut
1019 3938 1053 3992 de
1072 3938 1155 3992 curuli
1171 3939 1234 3991 sella
1252 3939 1346 4001 fastus,

248 4003 305 4058 iura
318 4023 366 4074 pro
380 4006 487 4059 libidine
500 4006 682 4076 interpretans.
715 4008 777 4060 Non
791 4007 843 4061 illic
856 4009 927 4060 vitae
940 4006 1053 4060 conditio
1063 4007 1090 4059 in
1103 4007 1252 4060 servitutem
1267 4012 1348 4075 atque

248 4072 381 4141 imperium
396 4075 476 4127 herile
495 4074 577 4129 divisa
593 4081 642 4128 est.
676 4075 730 4128 Sed
745 4085 773 4129 et
785 4075 906 4145 loquendi
925 4093 1007 4144 aequa
1020 4077 1142 4140 libertas,
1160 4082 1187 4127 et
1199 4074 1277 4129 animi
1290 4091 1347 4127 mo-

248 4143 359 4207 deratio,
374 4150 403 4197 et
414 4159 509 4197 morum
523 4144 660 4209 laonmtas,
676 4152 704 4198 st
715 4143 831 4198 iustitiae
844 4145 990 4212 ingenuitas
1002 4144 1083 4197 lecum
1096 4145 1167 4197 illum
1180 4161 1227 4214 pro
1240 4146 1346 4197 theatro

246 4209 357 4273 habent,
375 4212 491 4265 stellare
504 4213 584 4265 veluti
597 4212 723 4275 lustrant,
739 4230 836 4283 eaeque
848 4230 933 4266 omnes
945 4212 1071 4276 virtutes,
1088 4231 1156 4283 quas
1167 4212 1305 4267 caelestem
1317 4211 1347 4265 in

245 4285 316 4334 terra
332 4297 416 4333 rernm
435 4280 548 4335 ordinem
564 4281 682 4351 pariunt,
700 4298 732 4336 ac
744 4300 831 4335 veram
846 4283 873 4334 in
889 4281 984 4335 animos
1023 4282 1189 4350 hilosophiam
1208 4281 1344 4334 invehunt.

245 4346 305 4402 Non
319 4347 355 4401 ibi
367 4365 431 4421 opes
442 4365 474 4404 ae
484 4349 630 4421 pecuniarii
640 4361 771 4423 sumptum
787 4369 839 4406 nen
850 4351 888 4405 ibi
902 4367 990 4406 socors
1002 4299 1103 4405 luxuria
1115 4359 1224 4422 regnate
1241 4350 1289 4404 sed
1301 4356 1345 4403 to-
