2992 4792
351 298 587 371 msuomau
606 295 887 367 anonumum
906 292 998 365 mx.
1010 303 1039 367 1.
1121 350 1124 367 .
1176 281 1255 363 oua

152 474 264 555 λαχεῖν,
281 464 318 533 ού
330 465 395 551 μὴν
411 464 483 534 οὔδ’
500 460 557 545 ἀεὶ,
585 459 658 530 οὐδ’
673 459 745 529 ἀνευ
761 466 865 547 κοινῆς
880 456 1014 529 συνόδου
1029 466 1091 528 τῶν
1107 466 1250 545 πανταχῆ
1266 472 1295 526 λ.
1308 473 1337 524 c.
1352 468 1419 526 1³51
1468 470 1469 475 ’

150 579 212 655 ’τῆς
231 570 411 655 οἰκουμένης
429 565 617 636 ἐπισκόπων·
644 568 694 633 καί
720 562 763 642 ῶς
786 569 857 650 πρὶν
876 563 897 650 ἢ
918 571 1054 653 φανῆναι
1069 564 1123 631 τδν
1137 543 1421 665 Καλα-Ἣξὲοξψ

150 674 231 760 βρόν
246 673 402 761 Βαρλαδμ
411 723 422 753 ,
449 669 612 758 θησαυρός
626 675 689 735 τῶν
703 665 854 734 τοιούτων
875 660 913 753 ἦν
929 675 1141 756 καινοφωνιῶν
1162 665 1182 754 ἡ
1198 680 1255 738 τοῖῖ

151 762 297 861 Πάλαμᾶ
310 781 362 843 καὶ
381 781 503 862 γλῶττα
524 777 574 840 καί
587 774 673 858 χεὶρ,
702 771 838 860 εἴρηται·
873 773 1006 858 μετρίως
1024 774 1081 855 μδν
1103 779 1178 853 νόν,
1206 776 1258 842 διὰ

129 880 212 966 nmio
232 888 297 947 τῶν
317 880 488 947 ἀντιθέτων
509 877 731 962 ἀχλοκρατίαν·
759 870 912 961 εἰρήσεται
932 875 966 941 δ’
983 873 1054 960 ἑξῆς
1068 872 1260 964 πλατύτερον

152 986 256 1051 τεκαὶ
276 981 517 1070 καθαρώτερον,
545 983 572 1046 εἷ
590 987 674 1044 πᾶσα
690 976 922 1044 δυναστεύουσα
939 979 1123 1064 χεῖράπειή.
1156 983 1287 1055 Aoniam

153 1081 210 1154 ούν
226 1085 376 1175 ὁπότερον
397 1084 436 1151 ἀν
452 1082 598 1168 βούλοιτο
620 1086 781 1163 Παλαμῶς
802 1081 968 1167 αἱρείσθω·
994 1080 1015 1165 ἢ
1036 1088 1099 1147 τῶν
1122 1080 1262 1169 ἀκαίρων

153 1194 208 1257 καῖ
222 1193 319 1275 μηδὲν
334 1188 418 1277 αύτῷ
432 1193 656 1276 προσηκουσῶν
677 1183 863 1272 προφάσεων
886 1181 1095 1272 ἀφιστάμενος
1118 1187 1260 1268 δεχέσθω

153 1296 378 1381 παραπλησίως
394 1289 467 1377 ἡμῖν
481 1292 537 1376 τὴν
555 1298 612 1375 τῆς
633 1288 781 1371 εὐσεβοῦς
798 1285 958 1373 ἁπλότητα
977 1290 1127 1368 πίστεως,
1154 1287 1260 1368 πόσας

111 1422 146 1474 10
153 1394 307 1484 πρότερον
327 1396 384 1473 τάς
399 1395 496 1461 obteri
511 1396 584 1481 πυρί
608 1391 835 1479 παραδεδωκὼς
848 1392 1068 1479 βλασφημίας·
1094 1390 1114 1477 ἢ
1129 1398 1186 1478 τῆς
1200 1393 1259 1459 αό-

152 1508 211 1567 τοῦ
225 1502 387 1577 κοινωνίας
401 1498 631 1586 ἀφισταμένους
646 1493 729 1581 ἡμᾶς
744 1497 902 1579 ἓνοχλείτω
918 1494 1025 1580 μηδέν.
1061 1494 1097 1561 οὗ
1119 1494 1178 1582 ηάρ
1202 1492 1258 1563 νό-

152 1629 214 1690 μος
230 1604 402 1688 έκκλησίας,
422 1601 490 1668 οὔτ’
507 1601 609 1689 αὐτῷ,
630 1602 784 1684 μηδαμῶς
796 1598 928 1681 εὐσεβεῖν
947 1598 1136 1688 αἱρουμένῳ,
1155 1601 1258 1682 βίαιον

84 1773 87 1777 ,
154 1708 307 1793 ίπιφίρειν
320 1706 427 1785 οόδέν,
454 1702 529 1771 ούθ’
545 1701 618 1789 ἡμῖν
634 1702 829 1785 εὐσεβοῦσιν·
855 1700 895 1787 ἢν
909 1698 955 1786 μή
971 1727 1018 1777 τις
1034 1699 1180 1783 βούλοιτο
1201 1728 1260 1768 τυ·
1372 1684 1380 1703 ’

154 1821 286 1896 ραννεῖν.
327 1812 361 1875 τί
379 1808 437 1895 γὰρ
461 1809 635 1884 κενοδοξίας
655 1809 796 1872 ἐνταῦθα
819 1809 884 1885 δεῖ,
911 1810 951 1891 τῇ
973 1810 1063 1891 ψυχῇ
1082 1804 1258 1889 μαχομένης
1272 1815 1305 1871 Ρ.
1318 1814 1372 1874 588

110 1934 146 1989 15
153 1916 205 1979 καῖ
222 1920 267 2002 τῷ
285 1915 397 2002 αἰωνίῳ
412 1906 678 1996 παραπεμπούσης
691 1911 769 1996 πυρί
772 1907 822 1993 ,aij
837 1910 883 1985 τίς
896 1905 1044 1995 φρονήσει
1058 1909 1109 1972 καί
1122 1913 1166 1995 νῷ
1181 1910 1260 1974 διοι-

153 2023 219 2083 κῶν
234 2013 346 2082 ἔαυτόν
351 2064 363 2097 ,
391 2014 495 2080 ἔπειτα
509 2013 545 2080 τό
561 2019 668 2089 σκεῦος
682 2020 739 2078 τοῦ
758 2009 932 2095 πνεύματος
945 2008 1027 2098 όρῶν
1047 2007 1260 2078 τδνάπόστο-

154 2125 211 2186 λον
223 2120 370 2204 λέγοντα,
398 2114 442 2193 ὦς
459 2117 548 2184 οὐδέν
563 2119 623 2200 εδμι
641 2119 691 2182 καὶ
707 2112 750 2193 ῶς
765 2114 851 2182 ούπω
867 2114 1080 2201 κατειληφέναι
1103 2116 1260 2200 λογίζομαι

154 2221 309 2306 ίμαυτδν,
337 2222 394 2306 οὐχ
408 2217 599 2305 ύποπτήσσει
616 2222 668 2285 καῖ
690 2216 870 2299 ὑποπίπτει,
896 2220 948 2285 θνα
967 2220 1019 2283 καῖ
1040 2215 1162 2284 σύνεσιν
1182 2215 1260 2303 ἔχειν

156 2324 246 2413 δόξη,
263 2328 314 2391 καί
330 2324 397 2408 ἅμα
410 2331 467 2409 τῆς
482 2323 583 2410 όρθῇς
599 2321 654 2388 οάκ
668 2320 842 2408 ἀπόσχηται
855 2322 986 2398 πίστεως
992 2351 1004 2406 ,·
1020 2323 1147 2387 καὶτῶν
1160 2320 1262 2387 ’ἀστα-
1359 2352 1364 2361 ·

107 2425 242 2515 zozima
254 2429 311 2515 γάρ
326 2427 402 2505 τούς
424 2429 591 2502 πίπτοντας
601 2432 722 2509 μᾶλλον
736 2425 958 2512 ἀφαπωμένους
972 2425 1060 2507 ἴσμεν
1079 2435 1146 2502 τοῖς
1161 2450 1260 2511 γεωρ-

153 2542 238 2620 γοῖς,
264 2532 285 2618 ἢ
301 2532 375 2609 τοδς
389 2530 518 2607 ἀκλινῶς
533 2529 725 2613 ἱσταμένους.
753 2525 877 2615 ίφόδιον
892 2527 952 2617 ηάρ
973 2539 1043 2605 ταῖς
1057 2534 1120 2594 τῶν
1135 2524 1289 2613 οχημό-Ιλ

155 2661 220 2704 των
234 2638 417 2721 ἐναλλαγαῖς
423 2684 434 2714 ,
460 2635 523 2699 ίκεῖ
539 2633 596 2717 μέν
618 2632 655 2699 τδ
675 2633 850 2719 βρίθεσθαι
863 2642 930 2710 τοῖς
944 2640 1094 2720 καρποῖς,
1120 2632 1262 2698 ἐνταῦθα

155 2741 192 2808 δέ
203 2746 262 2825 τῆς
274 2736 465 2828 κουφότητος
482 2737 519 2804 τό
534 2732 735 2819 κακόδαιμον.
762 2729 848 2803 είεν.”

156 2999 194 3055 aie
208 2999 288 3054 reboo
300 2997 392 3054 divinia
404 2998 553 3072 dirpntare3
569 3013 654 3068 neque
674 2995 703 3051 iu
718 2996 820 3068 quidem
834 3013 952 3069 temporo
970 3014 1020 3052 noo
1039 2996 1107 3052 eitra
1123 2995 1262 3122 ορῖιωφο·

154 3088 230 3135 rum,
249 3069 293 3139 qui
306 3069 401 3140 ubique
415 3079 542 3124 terrorum
558 3067 670 3137 degant,
687 3068 802 3136 generali
819 3068 941 3122 concilia:
957 3066 1196 3138 deniquoPalamae
1229 3087 1262 3122 n-

154 3156 235 3211 gnam
247 3148 275 3192 et
287 3156 400 3204 manum,
418 3140 496 3194 etiam
507 3145 641 3207 antequam
658 3137 807 3191 Barlaamuo
821 3138 934 3192 Calaber
946 3138 1098 3208 prodiisset,
1115 3138 1261 3192 iotiuomodi

155 3209 304 3279 opinionum
323 3224 444 3262 notarum
464 3211 609 3262 tbeoaurum
627 3206 723 3272 fuiooe,
746 3224 779 3260 ea
797 3224 844 3260 noo
863 3207 947 3260 omnia
965 3206 1262 3279 diximuo31edpauoio
1299 3270 1304 3278 „

154 3279 183 3332 ia
200 3277 347 3346 ammenti,
366 3279 400 3332 ob
413 3277 618 3331 adversariarum
634 3276 735 3328 turbam
748 3277 953 3345 praevalentem:
970 3285 1160 3346 pontenurum
1177 3278 1260 3331 iuaiur

156 3356 184 3400 et
201 3346 302 3416 planior
315 3347 516 3411 dinariorum,
533 3347 556 3399 ai
566 3345 646 3399 omnio
658 3345 728 3398 abrit
740 3344 845 3397 maiorio
857 3345 1020 3398 auctoritatis
1032 3347 1165 3400 violentia.
1189 3349 1262 3404 Duu-

155 3433 214 3470 rum
226 3416 315 3485 itaque
329 3426 413 3469 utrum
433 3416 544 3469 voluerit
558 3417 677 3468 Paiamao
695 3414 804 3483 eiigit03
821 3431 852 3466 ac
865 3415 907 3466 vel
923 3414 1043 3469 absurdis
1054 3416 1208 3487 minimeque
1223 3418 1262 3472 Ιο-

155 3485 254 3554 gitimir
274 3486 483 3540 excusationibus
500 3486 627 3548 abiectio,
653 3492 740 3537 rectae
761 3482 835 3536 Fidei
855 3482 1044 3551 simplieitatem
1061 3486 1189 3540 nobiscum
1206 3504 1261 3540 am·

156 3557 305 3625 plectatur,
328 3556 384 3608 auio
408 3555 525 3608 omnibu·
545 3553 710 3623 blasphemiio
730 3553 838 3637 primum
857 3553 914 3622 igni
935 3552 1054 3618 traditio;
1077 3564 1122 3608 aut
1141 3556 1215 3608 nobio
1229 3557 1264 3611 ab

155 3626 217 3675 eiua
230 3625 403 3677 communione
417 3623 508 3677 alienia
522 3624 643 3677 molestor
663 3640 697 3676 no
718 3633 760 3675 ort.
796 3623 858 3676 Non
875 3623 941 3675 enim
960 3639 993 3676 aa
1009 3624 1136 3678 ecclooiae
1155 3625 1197 3678 lex
1213 3636 1265 3691 eat,

156 3692 211 3745 vina
224 3692 248 3745 ei
262 3693 338 3746 ullam
350 3694 457 3756 inferri,
475 3694 571 3746 nolenti
587 3694 630 3762 pie
644 3702 672 3745 et
683 3702 756 3746 recte
766 3694 878 3756 rentire;
895 3709 943 3745 nec
957 3692 1037 3751 nnbio,
1054 3696 1101 3764 qui
1118 3701 1190 3748 recte
1202 3712 1263 3748 amr·

155 3760 251 3824 timum
270 3762 319 3815 nisi
336 3764 394 3835 quia
407 3762 472 3815 velit
484 3762 619 3831 tyrannico
632 3761 766 3815 dominari.
801 3762 870 3815 Nam
885 3762 947 3831 quid
960 3762 1008 3816 bau
1021 3761 1047 3815 in
1060 3781 1090 3816 ra
1103 3764 1186 3817 inania
1203 3765 1263 3834 glo-

153 3831 196 3884 ria
212 3830 352 3899 profuerit.
370 3848 508 3901 quaecum
522 3831 680 3884 conscientia
694 3837 811 3900 pugnet,
828 3839 855 3883 et
867 3834 976 3884 animam
989 3840 1094 3886 oetemo
1105 3832 1161 3903 igni
1173 3845 1263 3886 traua-

152 3900 262 3953 minuat
286 3900 387 3963 Quisve
401 3903 513 3970 prudent
526 3909 555 3956 et
568 3900 731 3969 intelligens,
750 3917 805 3953 cum
817 3899 901 3969 ipsius
912 3900 1122 3971 aancufipirituo
1134 3920 1182 3957 m
1191 3907 1263 3973 Apo·

152 3970 251 4022 ateium
267 3969 395 4023 dicentem
411 3970 517 4036 audiat,
540 3969 625 4037 „nibil
645 3968 730 4032 oum,”
748 3977 792 4033 et,
810 3986 880 4051 „ego
896 3987 936 4023 ma
956 3986 1007 4022 non
1021 3971 1134 4025 arbitror
1147 3989 1266 4042 eumpro-

152 4037 313 4102 beodirae‚’'
330 4056 380 4092 non
396 4048 491 4108 paret,
507 4056 557 4091 non
574 4057 604 4090 re
615 4038 763 4092 inclinatum
776 4038 922 4101 submittit,
940 4047 970 4091 ut
983 4047 1011 4091 at
1023 4056 1117 4110 rapere
1134 4041 1265 4107 uideatur,

154 4114 185 4160 et
204 4124 223 4159 a
238 4115 312 4160 recta
325 4108 392 4163 atne
410 4109 478 4161 baud
495 4108 621 4161 recedat?
646 4108 771 4161 Nimirum
791 4119 820 4160 et
836 4111 931 4161 aristae
947 4114 1049 4161 constat
1061 4110 1143 4180 magia
1159 4111 1266 4181 placere

151 4175 279 4245 agrieoiio
293 4177 445 4240 inclinatas,
463 4194 538 4247 quam
552 4187 654 4230 erectas
668 4185 695 4230 et
711 4178 738 4230 in
756 4175 849 4230 nuliam
869 4186 965 4246 partem
979 4176 1105 4244 devexam
1123 4190 1266 4249 propterera

151 4245 226 4314 quod
242 4245 354 4299 diversio
373 4246 445 4300 bioca
466 4246 710 4299 conformationibus
727 4246 847 4299 diversae
868 4247 1008 4300 adiunctae
1024 4256 1085 4301 aaut
1098 4265 1207 4312 οτοοιεος
1223 4244 1265 4304 illi

152 4314 287 4383 fruentum
301 4315 420 4386 paudus,
435 4315 495 4369 huie
507 4314 599 4370 infelix
611 4322 639 4369 at
654 4315 751 4369 sterilia
762 4315 866 4371 levitas.
900 4314 992 4371 Esto?
