2992 4792
234 363 309 437 812
507 365 510 372 ’
532 367 767 439 NICEPHORI
782 353 1040 436 GREGORAE'

70 545 97 594 Α.
111 543 144 592 bl.
159 541 229 598 6855
237 537 270 602 τί
280 532 356 601 ποτ’
379 531 419 599 dv
440 530 548 616 λάβοις
572 534 666 610 αῦτδς
690 534 755 623 ἰδίη
784 532 861 616 πρὸς
884 530 1028 617 τῦπορίαν
1048 529 1102 595 σοί
1112 554 1143 595 τε
1158 531 1209 593 καί
1223 537 1289 606 τοῖς
1302 553 1334 614 γε

106 613 201 668 Μ
237 640 317 724 άμφί
333 638 368 701 σὲ
388 634 602 720 στρατιώταις.
633 635 716 702 Οῦτὲ
732 635 793 720 γάρ
818 634 890 699 ἄνευ
914 632 1017 700 ὅπλων
1038 635 1088 697 καί
1110 638 1334 719 στρατιωτικῶν

234 737 394 822 δυνάμεων
419 740 553 805 δυνατὸν
574 740 734 822 βασιλείαν
757 738 984 817 συνίστασθαι,
1009 738 1058 800 καί
1081 733 1217 818 μάλιστα
1231 734 1288 819 τὴν
1302 736 1335 800 ἰν

232 831 454 927 νεωτερισμοῦ·
483 841 553 910 σῦτε
572 839 742 930 χρημάτων
766 838 855 920 ι’ίνευ,
880 838 916 905 τά
936 864 969 925 γε
993 841 1094 922 μεῖζον
1117 842 1225 917 εἰπεῖν,
1254 835 1335 902 ὅπλα

233 948 284 1012 καί
303 946 524 1030 στρατιωτικάς
546 946 625 1021 εἰκὸς
644 944 849 1031 ἀθροίζεσθαι
871 938 1022 1025 δυνάμεις.
1057 946 1256 1027 στρατιωτῶν
1275 940 1354 1025 γδρό

233 1047 306 1114 άνευ
329 1049 423 1113 ἐνίοτε
444 1047 563 1133 μεγάλα
586 1051 637 1113 καί
660 1046 742 1112 καθ’
764 1043 859 1111 αῦτὸν
877 1040 1023 1128 ἰσχῦοντα
1044 1040 1154 1118 πάντες
1179 1043 1264 1107 ίσασι
1282 1041 1336 1107 τὸν

131 1173 219 1229 1¹,511
231 1149 368 1237 χρυσὸν,
391 1154 442 1216 καὶ
463 1149 565 1235 πάσης
586 1147 751 1225 ἑλεπόλεως
773 1151 873 1230 μειζω.
901 1150 972 1233 πρίν
991 1147 1049 1234 γάρ
1076 1146 1247 1211 αἰσθέσθαι
1263 1145 1335 1221 τσδς

137 1255 361 1330 versutum
369 1302 379 1334 ,
405 1250 571 1339 εῦρίσκεται
587 1251 733 1328 πολλάκις
749 1252 864 1342 ῥᾳδίως
881 1249 1089 1335 προδεδομίνη
1103 1260 1167 1324 τοῖς
1181 1250 1337 1331 πολεμίοις

234 1355 255 1443 ἦ
273 1354 361 1433 πόλις
379 1356 431 1421 διά
444 1355 570 1442 χρυσόν.
599 1353 696 1422 οἰσθα
713 1356 745 1420 δ’
766 1347 806 1419 ud
828 1357 879 1419 uui
898 1351 971 1429 ὅσος
987 1355 1020 1418 ἐκ
1041 1359 1103 1417 τῶν
1117 1351 1336 1437 στρατοπέδων

234 1471 301 1536 τοῖς
320 1458 445 1545 ἔχουσιν
463 1460 553 1542 ὄχλος
573 1458 652 1542 μετά
668 1455 816 1523 κινδύνων
830 1457 946 1537 λ’πεται,
970 1453 1047 1540 μήτε
1063 1455 1205 1537 πολίμων
1217 1451 1373 1540 nuptie-10

234 1588 308 1643 των,
334 1558 412 1646 μήτε
427 1569 553 1645 μισθῶν
568 1562 734 1644 διδομένων
750 1559 864 1637 adroic.
893 1556 940 1636 οἷς
953 1559 1011 1646 γάρ
1028 1555 1184 1644 ὁρίζεσθαι
1197 1556 1255 1622 τὸν
1266 1560 1337 1638 βίον

235 1666 268 1731 ἓν
292 1671 336 1754 τῷ
353 1671 472 1747 μισθοῦ
494 1662 717 1751 στρατεύεσθαι
740 1663 853 1743 ἔπεισι,
876 1660 998 1738 τούτοις
1017 1659 1132 1747 ἀνάγκη
1146 1663 1196 1725 καί
1211 1660 1267 1724 τὸν
1279 1660 1337 1740 μίν

234 1764 368 1851 πόλεμον
384 1772 490 1856 πολλῷ
504 1774 560 1851 τῆς
572 1765 692 1853 εἰρήνης
707 1763 848 1850 ἡγεῖσθαι
861 1768 982 1848 βελτίω,
1001 1765 1059 1848 τὴν
1073 1764 1104 1830 δ’
1120 1761 1241 1847 εἰρήνην
1257 1769 1337 1828 πολ-

172 1895 174 1904 ’
203 1876 279 1959 Βλῷ
292 1866 506 1956 χαλεπώτερον
525 1878 581 1935 τοῦ
603 1870 737 1952 πολι-’μου
756 1875 873 1954 χρῆμα.
902 1864 918 1934 ὃ
949 1870 1005 1951 μὲν
1033 1867 1092 1954 γάρ
1118 1865 1250 1949 πόλεμος
1277 1866 1336 1931 σῦν
1383 1944 1390 1955 ο

233 1980 279 2062 τῷ
299 1979 407 2060 μισθηῦ
432 1977 482 2038 καί
501 1975 607 2056 βιαίας
630 1969 771 2058 ἁρπαγῆς
792 1973 983 2037 καθίσταταί
996 1995 1101 2057 σφισιν
1125 1970 1237 2045 αἴτιος,
1268 1968 1331 2055 ἀφ’
1345 1983 1374 2036 15

235 2067 280 2142 ιῦν
294 2075 433 2162 ἀφθονία
450 2078 600 2162 τραπέζης
614 2073 758 2158 άμάχθου
772 2069 970 2160 προτίθεται·
991 2072 1093 2159 εἰρήνη
1109 2074 1143 2138 δὲ
1156 2071 1335 2138 τούναντίον

236 2178 378 2265 ἄφθονος
395 2181 446 2242 καὶ
471 2186 533 2243 τῶν
555 2178 652 2244 ὄντων
675 2175 797 2260 δαπάνη
818 2179 1016 2242 καθίσταται.
1044 2175 1083 2240 οδ
1103 2175 1136 2241 δ’
1152 2174 1336 2261 άμφοτίρων

235 2282 434 2366 ίστερημίνος
453 2283 484 2345 ἰν
509 2288 553 2370 τῷ
568 2281 679 2347 αὐτίκα
700 2280 756 2346 οῦκ
781 2277 820 2344 άν
836 2277 971 2366 φθάνοις
986 2280 1125 2365 φθείρων
1139 2278 1287 2355 σεαυτὸν,
1314 2275 1332 2361 ἢ

233 2387 389 2467 βασιλειαν
412 2392 534 2472 σεαυτῷ
560 2380 810 2467 περιποιούμενος
830 2379 952 2467 κράτος.
973 2380 1036 2447 Ἢν
1058 2388 1134 2465 γοῦν
1147 2382 1214 2463 luel
1229 2383 1336 2445 πείθε-

235 2493 313 2552 σθαι
339 2488 452 2574 θίλης,
479 2495 517 2572 τῇ
537 2491 657 2568 μᾶλλον
678 2484 698 2569 ἢ
720 2484 760 2549 σι)
780 2484 894 2549 σαυτὸν
913 2482 1059 2571 ποθούσῃ
1076 2486 1188 2569 μητρί,
1211 2484 1280 2565 ἐμοὶ
1295 2482 1373 2547 uim

210 2588 281 2656 Οσά
294 2587 516 2676 προσανάθου,
538 2589 641 2674 βραχὺ
655 2589 845 2671 περιμείνας,
870 2587 926 2662 ἕως
942 2586 981 2652 ἂν
1004 2588 1061 2670 τὴν
1074 2588 1220 2670 ταχίστην
1236 2587 1269 2662 ίς
1281 2586 1337 2651 τδν

231 2693 290 2758 σδν
313 2695 478 2758 ἐπανιοῦσα
501 2693 637 2779 πατίρα,
666 2691 721 2769 ξῦν
743 2697 788 2779 τῷ
813 2689 937 2776 ἄφοβον
960 2687 1040 2755 εἰναί
1059 2714 1111 2767 σε,
1140 2690 1190 2753 καί
1216 2688 1256 2752 τά
1280 2694 1337 2772 τῆς

233 2795 377 2882 εὐπορίας
386 2798 502 2861 ἐκεῖθεν
515 2797 546 2859 ἓν
557 2793 673 2882 μεγάλη
683 2820 732 2858 σοι
744 2790 919 2877 ποιήσωμαι
926 2791 1135 2882 προμηθείρ.”
1151 2789 1217 2880 (Ε.)
1229 2790 1334 2856 Ταῦτ’

304 2909 346 2962 18.
363 2905 453 2975 φθάν.
462 2911 515 2975 φθ.
529 2925 630 2972 σεαυτ,
643 2898 672 2976 ἢ]
684 2908 788 2975 μᾶλλον
804 2904 972 2976 supplendum
987 2912 1035 2969 est,
1053 2905 1209 2958 observante
1217 2902 1337 2957 Buiriuu.

233 2992 396 3061 relinquens,
416 2994 536 3062 quidnam
556 3011 670 3046 seorsum
687 2993 744 3062 ipse
761 2992 862 3045 tandem
883 2992 1015 3044 habiturus
1035 2990 1087 3053 eis,
1106 2990 1175 3060 quud
1190 2999 1219 3043 et
1238 2990 1289 3043 tibi
1310 2999 1338 3043 et

232 3063 285 3115 tuis
301 3061 424 3113 militibus
443 3063 479 3114 sit
497 3063 569 3114 sutis.
606 3063 664 3115 Nec
677 3064 742 3115 enisu
765 3062 821 3113 sine
843 3061 920 3113 ermis
942 3061 1145 3130 militaribusque
1165 3058 1247 3128 copiis
1272 3077 1337 3112 cou-

233 3132 341 3182 stituere
352 3130 484 3198 imperium
496 3131 543 3181 sibi
557 3130 691 3200 quisquam
704 3137 799 3199 polest,
810 3130 960 3199 praesertim
971 3131 994 3181 si
1006 3131 1032 3181 id
1046 3147 1094 3198 per
1105 3146 1184 3181 nurus
1199 3146 1242 3181 res
1255 3146 1339 3198 quae·

232 3207 291 3250 rati
312 3215 374 3260 nec,
394 3200 460 3267 quod
474 3201 553 3250 mulus
568 3209 623 3261 est,
635 3215 709 3253 ursus
723 3200 896 3267 militaresque
913 3200 1005 3267 copiae
1021 3199 1143 3250 ridentur
1158 3199 1245 3266 parari
1261 3215 1338 3267 posse

233 3266 289 3318 sine
305 3266 422 3334 pecunia.
458 3269 541 3320 Nemo
554 3269 654 3321 scilieet
665 3270 714 3321 huc
727 3267 819 3329 nescit,
832 3269 913 3336 ipsum
925 3284 973 3335 per
985 3284 1014 3319 se
1027 3283 1114 3319 eurum
1127 3267 1206 3319 multa
1218 3266 1275 3319 siue
1291 3266 1339 3319 τοὶ-

225 3334 320 3387 ‘litibus
337 3353 426 3404 posse,
444 3337 517 3388 immo
533 3337 651 3391 maiorem
664 3355 739 3407 quum
753 3343 905 3389 tormentum
917 3336 992 3388 ullum
1006 3336 1102 3388 murale
1114 3337 1165 3388 rin
1180 3336 1292 3388 haberet
1310 3341 1338 3387 ei

234 3413 390 3473 compertum
404 3422 482 3474 saepe
495 3415 551 3469 est,
568 3408 655 3458 urbem
671 3415 777 3489 propter
790 3422 889 3467 aurum,
906 3413 1041 3473 autequam
1054 3405 1171 3474 plerique
1182 3405 1338 3468 seusisafflt,

231 3471 301 3525 nullu
318 3472 404 3525 labore
420 3475 536 3527 hostibus
552 3475 678 3542 proditam
690 3475 778 3528 fursee.
812 3474 871 3525 Scis
883 3473 1008 3542 denique,
1025 3482 1146 3543 quantum
1162 3472 1298 3526 molestiae
1311 3480 1341 3526 et

231 3540 402 3610 periculorum
418 3544 451 3594 ub
467 3543 621 3596 exercitibus
634 3543 762 3596 redundet
773 3543 800 3595 iu
814 3542 902 3605 duces,
919 3559 976 3594 euru
990 3560 1038 3595 nec
1052 3542 1144 3596 bellum
1159 3542 1271 3610 geritur,
1289 3559 1339 3595 uee

233 3608 362 3677 stipendia
375 3610 562 3679 persolvuntur.
590 3611 657 3663 Nem
670 3613 714 3679 qui
729 3630 782 3664 reru
796 3613 920 3664 fortuitam
939 3629 973 3663 ue
986 3629 1083 3664 umueru
1093 3612 1144 3663 sibi
1157 3612 1183 3663 in
1196 3610 1339 3680 stipendiis

230 3676 341 3745 positum
357 3697 415 3731 esse
431 3678 592 3748 intelligunt,
610 3697 654 3732 eos
669 3696 774 3732 neeesse
794 3687 879 3732 estet
937 3680 987 3732 luru
1005 3681 1083 3734 ruultu
1101 3681 1177 3734 malle
1196 3697 1271 3749 quam
1325 3707 1340 3718 ·

231 3763 301 3808 cem,
318 3752 346 3798 et
359 3763 446 3816 pacem
460 3747 538 3799 multu
554 3765 628 3815 quam
645 3747 738 3800 bellum
753 3749 865 3818 peiorem
880 3748 1010 3801 arbitrari.
1044 3749 1080 3801 lis
1098 3749 1223 3817 siquidem
1243 3697 1339 3802 beffa

231 3831 280 3866 uou
295 3814 375 3868 sulum
391 3815 534 3882 aecipiendi
549 3814 680 3883 stipendii,
698 3817 743 3869 sed
757 3826 784 3869 et
798 3818 911 3886 praedae
924 3835 970 3886 per
985 3817 1036 3870 viu
1051 3818 1167 3886 agendae
1179 3818 1283 3871 occasio
1295 3818 1338 3880 fit,

230 3883 298 3935 uude
312 3890 340 3935 et
354 3884 506 3953 parabiliuru
523 3885 653 3953 epularum
667 3886 743 3954 copia
758 3885 852 3938 affluit
887 3887 985 3939 contra
997 3903 1047 3955 pax
1059 3903 1145 3939 eorum
1158 3887 1250 3950 etium,
1267 3903 1340 3956 ques

230 3952 287 4019 quis
302 3964 376 4021 parta
389 3953 475 4010 hebet.
495 3952 586 4005 effusio
600 3954 724 4022 quaedum
735 3962 784 4007 eat.
810 3956 854 4007 Tu
869 3971 931 4006 reru
944 3963 1052 4025 utruque
1064 3973 1103 4018 re,
1117 3955 1240 4009 militibus
1252 3963 1281 4008 et
1308 3974 1340 4007 e·

229 4020 304 4071 cuuis
318 4022 432 4083 scilieet,
456 4022 543 4074 statim
562 4021 699 4075 destitutus
716 4024 804 4075 iuuere
821 4039 871 4075 nou
891 4026 1005 4093 poteris,
1023 4025 1084 4093 quin
1101 4024 1223 4092 teipsum
1238 4042 1270 4095 pe
1307 4040 1339 4077 u

228 4089 333 4155 potius,
351 4107 424 4159 quam
439 4089 629 4160 imperatoriam
647 4091 696 4143 tibi
711 4092 889 4144 auctoritatem
906 4109 1015 4145 αοοαιιιτ.
1051 4093 1118 4145 Mihi
1129 4092 1212 4161 igitur
1227 4092 1340 4147 crudem

231 4156 348 4220 nivelle,
366 4175 433 4226 quse
447 4169 474 4211 et
492 4168 659 4221 maternum,
677 4167 704 4211 et
716 4169 743 4217 te
763 4160 843 4228 diligo
859 4160 956 4228 ringis,
974 4177 1048 4231 quam
1068 4168 1124 4214 tute
1140 4162 1197 4230 ipse
1216 4169 1257 4225 te,
1274 4169 1339 4215 tuas

228 4224 290 4276 mibi
306 4242 349 4277 res
367 4227 530 4290 committito,
548 4229 730 4298 paulisperque
747 4236 871 4296 erepeutu
889 4229 974 4297 quoad
992 4230 1124 4284 celerrime
1145 4231 1178 4283 ud
1201 4239 1339 4299 parentem

229 4299 301 4346 tuuru
320 4312 437 4357 reversa,
455 4305 483 4348 et
495 4301 524 4347 ut
541 4314 647 4348 securus
664 4299 700 4347 sis
718 4298 845 4356 efficiam,
870 4304 898 4348 et
917 4304 947 4349 ut
967 4299 1104 4367 opulentus
1124 4301 1222 4352 erudas
1239 4316 1340 4351 summ

228 4359 323 4416 deiude
336 4380 397 4418 eura
410 4363 584 4434 provideau.'’
618 4365 681 4433 (V.)
697 4365 771 4419 Haec
789 4366 896 4436 loquuta
906 4365 1055 4437 imperatrix
1069 4367 1146 4423 lraue
1161 4367 1271 4423 mluuu
1287 4368 1339 4421 ulii
