2992 4792
443 369 808 443 ANNOTATIONES.
1066 359 1071 366 ’
1092 361 1190 434 1177

84 526 260 610 09310681.
279 527 376 595 8502.
391 536 452 588 stc.
474 527 510 588 ln
525 527 638 589 Codice
653 527 769 595 26262.
790 527 845 593 tot.
859 533 933 597 282.
945 527 982 589 V.
994 535 1107 610 septem
1122 528 1191 589 anui

84 627 181 677 tautum
196 615 220 677 ei
235 611 425 697 patriarchae
441 614 624 675 tribuuntur.
665 632 783 673 sorum.

152 706 217 780 Pog-
240 704 309 774 130,
332 702 363 762 9.
411 692 472 762 Τόν
486 721 518 761 τε
538 692 787 777 Μελιτηνιῶτην]
810 698 908 772 Quem
923 718 992 759 cum
1005 697 1106 759 Vacca
1118 698 1195 776 lega.

86 805 131 845 um
144 796 225 844 antee
239 785 362 866 miserat
378 783 416 843 ad
430 783 459 843 S.
474 783 658 860 ludovicum
678 782 822 843 Franciae
842 803 959 860 regem,
983 804 1043 863 quo
1058 785 1195 845 Carolusu

84 872 185 929 'ratrem
198 893 214 930 a
229 868 361 930 consiliis
375 878 522 930 averteret
530 890 539 945 3
561 878 594 928 ut
613 876 720 928 auctor
735 876 780 928 est
801 865 1000 947 Pachymcres
1012 868 1066 929 lib.
1080 869 1115 928 V.
1131 890 1197 948 cap.

84 956 116 1013 X.
139 973 226 1033 quem
250 952 369 1031 quidem
391 953 595 1025 ludovicum,
623 962 659 1012 ut
678 951 738 1011 hoc
759 950 857 1011 obiter
882 952 1044 1030 adnotem,
1078 958 1199 1033 πρῶτον

84 1037 138 1100 osu
159 1038 212 1102 aot
231 1038 309 1120 ῥῆγα
321 1036 511 1118 τετιμημὲνον
528 1031 678 1137 ἆρχῆθεν,
700 1035 752 1098 καὶ
773 1035 824 1100 ἐπὶ
839 1033 1037 1117 μεγάλειὸτητι
1061 1036 1201 1113 ἐξουσίας

84 1117 250 1204 spumoso,
271 1119 345 1203 πρὸς
357 1120 390 1185 δὲ
401 1121 453 1185 καὶ
466 1117 539 1195 roric
549 1145 679 1203 τροπονς
692 1115 805 1197 otidis,
826 1134 925 1182 vocat.
965 1142 1101 1181 nucero.

154 1207 225 1289 Peg.
250 1212 389 1282 130,11.
432 1212 463 1269 Γ
457 1203 497 1270 eoi
536 1230 584 1269 ιον
608 1207 641 1270 ἐκ
664 1201 811 1286 Κύπρου]
845 1207 992 1286 llignitats
1014 1211 1201 1286 Πρωτοαπο-

84 1286 238 1369 ταλάρων,
267 1302 301 1352 ut
321 1301 366 1352 est
384 1291 465 1373 apud
491 1231 705 1372 Viclsysnereus
729 1291 785 1352 lib.
804 1289 839 1350 V.
859 1312 925 1371 cap.
944 1289 1014 1351 XII.
1042 1291 1142 1354 XXII.
1164 1314 1200 1352 ac

86 1374 172 1434 elude
197 1375 398 1456 patriarcham
418 1376 783 1455 constantinopolitanum
805 1375 953 1436 effectum.
993 1375 1039 1435 Its
1062 1379 1138 1438 alter
1161 1396 1201 1438 ex

84 1457 280 1522 rchidiacoois
303 1462 428 1523 Palatini
454 1461 528 1524 cleri
562 1462 776 1540 Evangelium,
809 1464 886 1523 alter
912 1460 1092 1541 Apostolum
1119 1463 1202 1542 legit.

84 1564 190 1606 russo.

147 1632 222 1711 Peg.
247 1633 320 1705 130,
342 1635 393 1699 11.
435 1623 720 1714 Συνελειτονργήκει
734 1624 790 1709 μὲν
810 1619 869 1691 odo
887 1632 949 1690 τῶν
964 1623 1089 1692 πάντων
1103 1625 1206 1705 ου’δεὶς

84 1717 123 1789 'rie
136 1719 195 1778 τοῦ
214 1711 354 1793 nonno]
376 1712 486 1774 Fateor
500 1735 547 1773 me
566 1734 625 1773 non
641 1715 712 1774 satis
729 1714 850 1792 assequi
864 1713 937 1793 quid
951 1714 1008 1772 eibi
1026 1715 1107 1775 velit.
1132 1715 1207 1796 Φρέ.

84 1823 121 1861 ιοι
136 1800 281 1858 fortassis
298 1806 369 1857 sunt
391 1795 525 1872 Fratres,
546 1797 607 1857 hoc
620 1806 666 1858 est
680 1797 835 1874 monachi,
858 1797 911 1877 qui
935 1800 1070 1859 Lotitram
1088 1800 1209 1860 Missam

84 1884 217 1943 ermissu
235 1881 427 1962 imperatoris
442 1883 641 1943 celebrarunt.
684 1884 743 1942 Sed
759 1883 835 1942 haec
854 1882 955 1958 exiis,
974 1903 1049 1962 quae
1065 1883 1210 1963 ePachy·

84 1968 155 2028 serio
171 1968 212 2028 de
234 1964 397 2027 Metoohite
412 1976 550 2025 annotata
573 1971 659 2039 suut,
681 1967 894 2047 intelligentur.
915 1985 1062 2029 wossrus.
1104 1969 1211 2029 Verte·

84 2062 108 2112 rt
124 2049 275 2127 wolfius,
299 2048 407 2112 Nullus
422 2066 518 2110 tomen
534 2071 632 2112 eorum
647 2055 777 2111 omnium
790 2050 832 2113 od
848 2055 948 2132 Papae
967 2055 1107 2115 rationem
1124 2052 1210 2115 litur-

84 2137 143 2195 iam
161 2133 335 2200 celebravit.
378 2135 561 2196 Vertendum
577 2136 619 2195 ita
635 2144 668 2196 ut
681 2136 839 2200 edidimus.
881 2155 996 2197 romu.

146 2225 224 2301 Peg.
250 2224 324 2292 130,
347 2222 395 2286 13.
443 2224 510 2282 Toiv
529 2222 667 2302 opertos
684 2219 782 2303 τινὲς]
804 2223 962 2303 Expressit
981 2241 1086 2283 vocem
1111 2223 1209 2284 Galil-

84 2326 121 2364 ιω
137 2301 264 2380 Fre'res,
292 2303 442 2384 quomodo
458 2315 521 2365 tuus
539 2305 775 2383 indigitabantur
788 2325 832 2368 ex.
846 2307 953 2367 ordine
967 2309 997 2366 S.
1013 2308 1164 2368 Prooclsci
1180 2319 1210 2369 et

84 2434 86 2448 .
111 2389 269 2450 Dominici
293 2387 439 2450 monachi.
482 2388 521 2448 Hi
542 2409 636 2472 porro
668 2391 950 2472 Constantinopolin
979 2393 1164 2455 advenerant
1190 2412 1210 2454 a

84 2475 208 2553 regorio
222 2473 330 2548 missi,
350 2472 503 2554 inquibus
519 2485 583 2535 erat
599 2475 725 2536 loannes
740 2477 910 2537 Parastron.
951 2495 1082 2540 occaso.

140 2556 223 2640 Peg.
249 2563 329 2633 130.
353 2563 402 2624 14.
444 2553 505 2622 Asoi
531 2563 717 2640 χειροτονίαν
738 2559 836 2639 τινὸς]
866 2563 1035 2639 Interpres,
1064 2561 1212 2645 suffiogio

84 2640 216 2705 sinadam
231 2638 489 2727 efoms'liors'baat
519 2643 758 2721 emendavimus,
779 2660 899 2728 propser
921 2643 1138 2706 ordinodonem
1159 2669 1212 2705 ca-

84 2724 172 2788 edum
191 2752 209 2790 e
225 2730 304 2791 auis.
348 2747 480 2791 nucero,

137 2810 222 2898 Pog-
248 2818 325 2887 130,
351 2817 401 2879 16.
438 2803 497 2874 Ἠν
516 2805 654 2894 eldelmi]
676 2810 851 2894 Pacbymer.
863 2808 916 2873 lib.
930 2813 967 2873 V.
980 2808 1110 2894 cap-III.
1139 2811 1216 2876 vide

84 2917 181 2959 nme
196 2897 459 2975 Palaeologomm
472 2897 503 2956 in
518 2897 621 2958 Famil.
637 2899 765 2978 Byzant.
804 2915 934 2963 uouere.
988 2977 990 2980 ι
1279 2962 1285 2974 ,

140 3002 218 3080 Pag·
246 3002 411 3073 130,19.
456 2995 511 3083 Τῷ
537 3002 592 3079 τῆς
620 3001 758 3082 Ζαγορᾶς
781 2996 923 3082 ἄρχοντι]
957 2996 1115 3079 Bulgarite
1141 3000 1214 3080 regi.
1275 3047 1277 3050 -

84 3103 111 3146 tr
125 3105 228 3164 porro
252 3082 400 3162 Zagurae
419 3102 504 3161 reges
521 3082 694 3146 dicerentur
712 3086 865 3163 Bulgsriee
883 3079 1054 3167 principes,
1082 3086 1215 3146 diximus

95 3171 273 3229 eorundem
296 3187 410 3246 regum
430 3169 523 3243 serie,
545 3189 575 3227 n.
597 3169 691 3232 XVII.
735 3169 811 3231 Vide
828 3180 981 3252 praeterea
1003 3171 1215 3231 leunclavium

91 3252 257 3316 Pandecte
279 3254 380 3313 Ture.
396 3272 427 3312 u.
441 3251 582 3313 XXXIII.
598 3263 628 3314 st
638 3254 669 3314 io
685 3254 888 3316 Onomastico.
929 3267 1061 3316 nucero.

135 3344 404 3440 P05.‘18t)‚22
446 3340 499 3417 'Er
521 3349 661 3439 τούτοις]
701 3356 877 3438 Pschymer.
901 3355 954 3417 lib.
984 3352 1037 3416 VI.
1068 3378 1136 3440 cap.
1163 3356 1216 3419 111.

84 3460 217 3608 [υἷε.
242 3528 329 3600 181,
352 3528 382 3589 1·
415 3518 537 3604 ”Oropos
556 3523 722 3608 Λαχανᾶς]
752 3527 813 3587 Cur
831 3526 865 3585 id
886 3527 913 3585 ei
929 3526 1058 3610 nominis
1077 3525 1218 3605 inditum,

84 3609 171 3672 dicat
186 3609 270 3671 ibid.
289 3605 503 3689 Pechymeres.
545 3608 623 3670 Vide
636 3620 759 3671 stemma
772 3610 975 3690 Bulgaricum.
1017 3631 1146 3672 nocero.

142 3718 224 3796 Pog-
253 3718 336 3783 132,
359 3715 388 3774 6.
422 3705 523 3774 Ὅθεν
545 3705 723 3795 ἐπειδήπερ]
752 3711 925 3793 Pachymer.
949 3711 1003 3773 lib.
1024 3712 1060 3773 V.
1087 3734 1153 3795 cap.
1178 3712 1216 3781 V.

84 3818 103 3858 i.
119 3795 173 3860 Vl.
194 3819 273 3880 cap.
289 3794 345 3856 IV.
361 3794 397 3856 V.
438 3813 572 3856 crosso.
1282 3823 1287 3830 -

136 3896 281 3963 Ibidem.
331 3892 454 3980 dlo'yor
468 3894 613 3978 φθάσας]
636 3897 719 3961 Lus.
732 3896 787 3958 Ill.
804 3919 868 3981 cap.
880 3899 919 3962 Il.
936 3907 1007 3963 sect
1021 3899 1051 3967 4.
1079 3878 1219 3964 servius

137 4006 219 4085 Peg.
247 4003 331 4071 132,
353 4002 384 4067 6.
429 3995 490 4063 Tdv
503 3993 561 4063 sio
572 3993 666 4064 Ἀσᾶν
686 3993 857 4081 α’πόγονον]
878 4002 994 4081 Mytses
1011 4002 1119 4063 Aeonis
1135 4023 1218 4064 soro·

84 4110 112 4148 ru
140 4088 291 4148 duxerat
326 4101 466 4155 uxorem,
492 4094 529 4144 ut
550 4085 666 4148 dictum¹
686 4105 794 4166 supra,
814 4086 867 4146 lib.
886 4087 939 4146 Ill.
961 4107 1026 4168 cap.
1039 4087 1079 4148 II.
1099 4098 1172 4151 sect.
1187 4088 1218 4154 4.

84 4193 111 4233 tr
128 4173 246 4252 itaque
260 4187 340 4231 eum
355 4169 501 4246 Gregoras
519 4163 674 4252 ἀπόγονον
689 4168 800 4233 vocat?
820 4190 934 4231 sosvus.

136 4279 218 4357 Peg.
245 4274 332 4344 1³2,
357 4274 406 4338 18.
447 4263 585 4351 Ἀπονητὶ
601 4263 633 4334 d'
647 4265 783 4352 tusto]
811 4270 954 4353 Pachym.
966 4272 1019 4337 tib.
1035 4273 1070 4334 V.
1085 4292 1152 4354 cop.
1165 4270 1218 4332 111.

84 4382 99 4418 ι.
119 4359 178 4422 VI.
195 4377 275 4437 cap.
294 4353 374 4419 LII.
391 4353 610 4419 VII-VIIIIX.
651 4375 781 4418 occaso.
1183 4416 1191 4426 ,

117 4458 311 4529 useepm
329 4451 442 4525 usqe.
463 4454 521 4509 ro
537 4452 575 4507 rr.
972 4440 1015 4505 76
