2992 4792
485 335 839 416 ANNOTATIONES.
955 399 961 409 ,
1108 336 1206 413 1153

75 518 104 564 er
118 501 206 567 Pieue
219 502 318 569 Comes
330 502 484 583 Heluium,
505 524 593 585 quem
607 523 739 565 errorem
754 506 867 567 erravit
879 505 967 566 etiem
980 504 1060 587 opud
1073 506 1205 569 Niceten

76 589 255 663 Cbouistcn,
275 594 307 651 in
322 591 489 666 balduino,
508 591 544 650 N.
564 589 630 667 IV.,
650 590 703 649 ubi
717 592 833 671 pariter
846 592 1022 669 indigitetur
1035 590 1206 653 Ludooioue

75 671 179 736 Cornu
192 673 351 752 Bissensin
373 686 503 757 utroque
519 677 665 754 scriptore
683 695 790 736 vocene
806 674 911 746 Binis,
934 697 988 736 seu
1005 677 1107 758 potius
1120 674 1205 752 Blts,

73 760 223 836 quomodo
240 781 273 820 eu
292 759 470 842 tempestate
491 761 574 821 urbis
593 760 737 821 Bleseusis
755 781 865 821 nomen
885 760 1082 839 efferebatur,
1103 763 1145 822 ite
1158 763 1206 822 ei·

68 842 207 921 fingente.
250 847 296 906 De
317 847 474 907 Ludovico
501 866 609 927 porro,
638 857 672 905 ut
694 845 784 906 etde
807 846 954 906 Belduino
980 847 1092 907 Comite
1114 848 1206 907 Fluu-

73 927 191 1007 drensi,
212 940 243 990 et
262 931 415 992 Bonifncio
428 929 663 994 Montferrntensi
676 929 864 1007 marchione,
886 930 997 1010 egimus
1016 931 1049 991 iu
1070 934 1151 993 notis
1168 932 1208 996 nd

69 1010 234 1074 Historiam
251 1016 394 1078 Gnul'redi
409 1016 446 1079 de
458 1015 724 1077 Villo-Herduini.
767 1037 899 1077 numne.

158 1113 232 1198 Pflg·
259 1122 314 1193 15,
339 1118 388 1184 15·
431 1123 561 1198 Βαριῖαν
583 1112 721 1197 ὅπλισιν]
753 1117 925 1198 AcropoIita
941 1116 1059 1178 N.x11.
1087 1111 1208 1193 Ἰταλοῖς

53 1196 129 1290 Ϊμέν
143 1191 201 1264 οὖν
217 1198 249 1265 τὸ
261 1203 334 1277 ἔθος
354 1198 406 1281 ἐφ’
420 1204 526 1278 ἵπποις
544 1196 721 1283 ν’ψαύχεσιν.
732 1202 921 1283 ἐποχεῖσθαι,
941 1195 1162 1305 καταφηοὶκτοις
1175 1225 1208 1266 rs

53 1278 119 1349 ’δι’
139 1282 212 1349 ὅλου
226 1283 303 1349 εἶναι
316 1293 378 1363 τοῖς
391 1283 493 1363 ὅπλοις
507 1291 564 1351 τοῦ
576 1281 727 1365 σώματος,
749 1282 918 1351 κάντεῦθεν
932 1289 1118 1368 δνοιιινητως
1129 1283 1206 1350 nurui

53 1374 133 1432 ’τῶν
147 1369 290 1433 ἐναντίων
301 1370 423 1450 ὁρμῶσι.
464 1374 499 1434 Id
516 1372 633 1433 notovit
645 1373 723 1432 idem
739 1373 903 1451 Gregoree,
925 1372 978 1433 lib.
993 1371 1043 1431 IV.
1057 1392 1122 1453 cup.
1138 1371 1204 1434 VII.

53 1464 101 1514 'et
116 1456 174 1528 nIii,
190 1475 264 1532 quos
282 1457 440 1518 Ieudnmus
452 1459 484 1518 in
497 1460 576 1519 notis
593 1456 889 1535 ndVillhurduinum,
911 1457 948 1517 N.
961 1457 1085 1536 ccxu,
1097 1457 1207 1536 quibus

53 1539 198 1599 vaddendi
218 1541 352 1618 ingulfus
375 1563 407 1623 p.
421 1547 493 1612 899.
508 1543 617 1626 prioris
633 1541 713 1604 Edit.
727 1541 1002 1623 etWelsinghemun
1017 1563 1066 1603 uu.
1080 1542 1206 1604 necet

60 1643 137 1704 pag.
152 1631 203 1692 78.
244 1647 373 1689 nncuno.
1145 1666 1148 1670 ·

53 1721 56 1730 ’
153 1728 233 1806 Peg.
257 1729 389 1802 15,18.
428 1721 614 1791 Ἀνίσιανται
627 1733 689 1793 τοῖν
708 1723 825 1810 λόχων]
847 1726 1002 1788 Eiusmodi
1016 1726 1132 1789 insidiis
1150 1729 1208 1788 cir·

59 1825 246 1870 cumventos
261 1811 384 1871 Latinos
398 1814 534 1872 scribunt
548 1814 661 1893 puriter
675 1815 793 1875 Nicetes
813 1823 844 1873 et
857 1814 1017 1890 Gregores.
1059 1812 1094 1873 Id
1110 1814 1209 1891 ipsum

61 1895 107 1954 dn
127 1896 260 1955 Teneris
276 1907 380 1957 inerret
393 1897 568 1958 Vincentius
585 1899 771 1959 beluacensis
797 1898 848 1967 tib.
863 1899 961 1957 XXX.
984 1918 1050 1977 usp.
1066 1897 1207 1958 LXXXI.

59 1976 144 2040 Cum
158 1977 394 2041 aduersariorum
403 1980 579 2065 fortitudini
591 2007 621 2042 se
629 1981 798 2062 praevalere
818 2003 905 2064 posse
918 2004 977 2042 non
993 1979 1125 2049 credunt.
1141 1996 1209 2042 unte

60 2061 140 2124 iilos
145 2062 293 2150 fugiunt,
314 2081 341 2126 et
354 2068 440 2149 quusi
456 2090 487 2126 se
500 2065 541 2126 ub
556 2065 618 2128 iilis
637 2066 745 2149 fugari
756 2066 893 2152 fuciunt.
940 2063 1069 2149 Cumque
1091 2064 1140 2127 illi
1158 2088 1208 2125 ur·
1307 2101 1309 2104 ·

56 2149 144 2208 maes·
163 2150 305 2210 Turtures
321 2153 443 2210 inermes
454 2149 506 2210 diu
520 2152 644 2213 insecuti
654 2153 786 2236 fiterint,
808 2173 846 2211 οο
858 2173 933 2232 prae
942 2154 1088 2230 grauitate
1106 2172 1208 2210 ormo-

58 2255 133 2292 rum
146 2246 175 2291 et
186 2233 251 2302 uiue
265 2231 449 2315 longitudire
463 2232 568 2297 lussuti
581 2239 640 2296 ium
654 2259 712 2296 non
727 2232 856 2316 emplius
868 2237 951 2317 sequi
961 2237 1119 2314 potuerint,
1136 2250 1207 2296 tunc

60 2318 196 2377 Tartari
210 2341 295 2398 super
311 2340 400 2400 equos
416 2333 541 2380 recentes
556 2317 759 2399 ascendentes,
790 2342 820 2379 se
838 2342 926 2400 super
938 2316 1009 2381 ilios
1024 2333 1204 2390 conuertunt,

58 2415 87 2461 ιι
107 2402 142 2460 in
159 2400 364 2482 concupiendo
380 2416 407 2463 et
423 2400 584 2465 occidendo
600 2401 744 2468 insiliunt.
786 2423 917 2463 nocnno.

153 2505 236 2585 Pog·
259 2504 317 2581 15,
337 2506 389 2571 25.
439 2503 473 2569 ‘0
494 2500 528 2569 di
552 2503 654 2586 Πλέης
681 2501 793 2587 κόμης]
829 2500 1032 2568 Villherduiu.
1061 2527 1093 2570 u.
1116 2505 1204 2571 CXC.

57 2607 198 2649 ouceno.
603 2620 607 2626 ·

154 2677 227 2753 Peg·
249 2678 306 2766 11],
331 2677 360 2740 1·
399 2667 517 2754 Ἐρίκος
541 2667 734 2752 Δάνδουλος]
771 2673 862 2753 Atqui
883 2674 1032 2735 Henricus
1052 2673 1207 2733 Dendulus

53 2757 226 2820 commisso
242 2778 310 2818 curn
324 2757 462 2836 Bulguris
478 2759 593 2837 proelio
610 2778 671 2817 non
687 2760 840 2833 interfuit,
864 2761 945 2837 quod
958 2759 1064 2818 scribit
1077 2759 1207 2833 Nicetes,

55 2864 165 2924 neque
179 2843 306 2922 proinde
320 2861 359 2902 ex
376 2844 507 2922 acceptis
523 2844 554 2900 in
571 2864 607 2902 eo
624 2842 803 2905 vulneribus
815 2843 940 2919 interiit,
962 2843 1044 2922 quod
1059 2843 1208 2919 Gregorue

55 2929 171 2990 tradit.
213 2923 335 2988 Rectius
351 2927 523 3007 Acropolite
535 2948 565 2988 n.
581 2927 679 3007 xm„
692 2929 745 3007 qui
759 2923 814 2992 nio
825 2924 921 2992 τόπον
938 2933 994 2991 τοῦ
1004 2924 1126 3001 Δοοιιὸς
1138 2926 1208 2989 ἐπέ·

54 3037 159 3095 ζοντα
174 3014 314 3084 Berenice
328 3011 363 3074 ἐν
376 3016 417 3096 τῇ
431 3010 746 3077 Κοινοιανιινοοπόλει
761 3014 930 3074 interfuisse
945 3014 1091 3074 duutnxet
1108 3011 1207 3073 obser·

53 3109 127 3160 ret.
174 3097 248 3157 Vide
266 3094 461 3160 Villberduin.
477 3117 506 3157 n.
519 3097 647 3158 CXCIII.
689 3100 780 3160 Recto
793 3121 885 3180 porro
901 3099 1048 3177 Gregoree
1065 3096 1207 3158 hocloco

53 3202 173 3246 rocem
194 3182 339 3246 Ilenricus
359 3182 486 3257 extulit,
509 3201 596 3262 quent
619 3183 671 3250 lib.
684 3183 723 3243 Π.
740 3205 805 3262 cap.
826 3186 850 3248 Ι.
882 3184 1003 3243 Nicetes
1025 3183 1057 3242 in
1077 3182 1162 3243 Beld.
1177 3192 1208 3243 et

53 3268 217 3342 ilenrico,
241 3277 271 3327 et
284 3265 481 3346 Pucbyrnores
497 3267 550 3330 Iib.
566 3267 630 3326 VII.
647 3288 713 3348 nep.
728 3270 854 3329 XXVII.
876 3265 1052 3349 ροοἝρῤης
1069 3269 1206 3339 efferunt,

53 3353 221 3433 quomodo
241 3351 339 3412 nostri
361 3350 454 3411 Herri
472 3352 543 3411 olirn
566 3351 722 3429 dicebant,
752 3362 787 3412 nt
806 3373 843 3412 ex
866 3352 1077 3412 Villhnrduiuo
1101 3353 1207 3433 liquet.

53 3442 227 3520 Perpetem
250 3457 323 3496 vern
349 3437 458 3495 doctus
481 3435 672 3518 Pechytneris
696 3438 844 3518 interpres
855 3434 953 3519 Ἔρῤη
976 3437 1007 3508 ἐξ
1022 3432 1207 3520 Ἐγγελίνων,

53 3524 169 3584 Erum
189 3542 230 3582 en·
251 3518 384 3600 Engiinis
405 3521 513 3597 vortit,
544 3543 613 3582 oum
634 3523 766 3584 scribere
788 3522 957 3598 debuisset,
983 3520 1144 3583 Henricum
1165 3544 1208 3583 ex

53 3604 189 3690 Anglis.
232 3605 356 3665 Wolfins
378 3606 466 3668 etium
490 3604 636 3668 Hernicus
657 3628 716 3689 pro
737 3606 888 3670 Henricus
911 3607 988 3670 mele
1009 3608 1102 3667 vertit
1123 3608 1206 3668 dIcto

53 3715 132 3775 :ap-
158 3699 188 3757 1.
230 3711 359 3750 nuuenu.

148 3797 228 3875 Peg.
252 3798 310 3870 16,
329 3796 359 3859 4.
402 3787 562 3858 Σιιοθιιιδν
573 3791 710 3873 πλῆθος]
733 3791 1079 3875 QuosScytbesNioetne
1095 3796 1207 3856 etGre.

53 3901 169 3960 gotes,
190 3877 246 3939 hos
265 3880 411 3938 Cumanos
426 3889 517 3939 vocnt
530 3878 767 3939 Villherduinus.
798 3881 854 3940 Ubi
869 3900 942 3941 vero
959 3878 1123 3942 habitarint
1133 3885 1206 3962 Scy.

53 3968 134 4028 hae
150 3966 290 4040 Comani,
314 3962 438 4043 exponit
452 3965 531 4030 idem
546 3965 695 4043 Gregores
709 3964 761 4023 Iib.
775 3965 812 4027 II.
831 3986 897 4045 cup.
909 3965 988 4025 VIII.
1030 3985 1163 4027 nocero.

150 4068 229 4147 Peg.
253 4069 311 4138 16,
336 4068 385 4129 12.
427 4069 563 4129 Σιινθοῖν
582 4064 719 4150 ἐρημίαν]
740 4065 952 4142 Proverbium,
975 4066 1059 4128 cuius
1075 4067 1208 4127 meminit

53 4154 226 4234 bppende
240 4150 402 4227 Veticsne,
422 4149 587 4226 zenobius,
613 4160 768 4233 praetereo
789 4151 962 4232 Acropolite
985 4171 1014 4213 u.
1028 4153 1156 4214 XXXV.
1177 4163 1208 4213 et
1283 4215 1285 4220 ,

53 4239 111 4301 uis·
128 4236 255 4319 presius.
297 4253 426 4299 nucero.

148 4324 229 4404 Pog-
254 4325 311 4399 16,
334 4320 383 4388 ld·
426 4317 490 4384 Καὶ
501 4319 570 4404 περ]
583 4318 639 4403 τήν
654 4315 779 4410 Θρᾴκην
793 4318 1006 4403 πλανώμενος]
1028 4323 1070 4382 Ut
1085 4317 1207 4379 Alexius
