2992 4792
203 279 281 360 592
508 290 742 363 NICEPHORI
762 290 1002 363 GREGORAE
1102 374 1104 377 ,

47 474 76 525 Δ.
89 472 122 525 ll
133 454 356 531 6849τάναυτία
376 455 456 522 κατά
476 453 530 523 τάν
551 455 645 523 αάτάν
656 452 771 544 χρόνον
791 457 824 524 ἓν
843 463 889 547 τῷ
910 455 995 545 αὐτῷ
1014 452 1156 544 γενίσθαι
1177 450 1299 523 iuono-

84 545 161 598 ΝΜ
206 560 288 650 μίνιρ
312 566 376 627 τῶν
401 556 567 644 ἀμηχάνων
590 555 670 626 είναί
694 585 782 651 φασι.
818 557 931 627 τοῦτου
959 559 992 625 δ’
1026 558 1126 635 οῦτως
1162 554 1295 642 ίγοντος,
1390 560 1395 569 ’

208 662 265 747 οάχ
284 659 348 749 ἀρῶ
371 663 418 739 τίς
441 661 480 729 ἀν
504 664 572 746 ἐμοὶ
594 663 709 749 γίνοιτο
728 662 851 748 μηχανὴ
858 712 869 743 ,
901 660 923 747 ἢ
945 660 1123 750 μεριζομίνη
1143 659 1220 747 πράς
1240 658 1297 727 δῦο

205 760 436 833 τάναντιώτατα
468 766 631 853 παρέχοιτο
665 768 745 856 δρῆν
768 765 918 854 ἀσφαλῶς
939 764 960 831 ἀ
980 765 1232 853 προκεχείρισμαι.
1259 763 1297 830 τδ

205 870 262 954 μίν
285 867 344 956 γάρ
373 875 435 934 τῶν
454 876 563 935 κοινῶν
580 876 781 956 προνοεῖσθαι
799 865 986 957 πραγμάτων
1013 864 1158 935 ἀπάντων
1184 866 1238 932 ἵνα
1258 873 1325 950 μεὸ

176 971 282 1040 Βόντα
297 969 409 1054 αῦτάν,
435 974 486 1038 καὶ
505 968 629 1038 πάντων
645 973 853 1054 ὶπιμελεῖσθαι
872 977 934 1037 τῶν
947 967 1130 1037 ὑπεικόντων
1152 975 1191 1057 τῇ
1205 976 1300 1053 βασι·

205 1077 272 1167 λείιγ
290 1071 467 1162 ἀνθρώπων
486 1074 530 1161 μῆ
549 1074 663 1166 ῥᾳδίως
677 1071 738 1140 inl
753 1080 814 1141 τιῦν
828 1075 981 1157 πολεμίων
991 1069 1208 1157 βλάπτεσθαι,
1232 1078 1300 1147 πῦ-

205 1203 266 1244 σαν
286 1178 362 1243 λλκει
382 1178 460 1265 πρός
477 1176 568 1245 ἑαυτό
589 1174 747 1258 διάνοιαν,
776 1179 826 1243 καί
848 1183 952 1242 πᾶσαν
971 1170 1300 1262 λαγισμιῦνῦποτάττει

205 1282 374 1369 φροντίδα·
400 1280 437 1346 τά
459 1281 492 1348 δ’
516 1280 622 1358 αῦτσΐς
642 1280 782 1359 ίκείνοις,
810 1269 854 1346 ὧν
878 1276 1098 1365 προνενόημαι,
1126 1275 1301 1363 inmodica

205 1388 376 1469 κεχρῆσθαι
396 1384 476 1450 κατὰ
495 1390 553 1469 τῆς
574 1384 710 1467 ἐμαυτοῦ
739 1386 837 1469 ζωῆς,
868 1388 961 1449 τοῦτο
990 1383 1024 1448 δι’
1044 1377 1239 1467 παγχάλεπον
1259 1381 1298 1449 ἀν
1308 1396 1342 1454 10

205 1481 362 1571 ἀναγκάζει
384 1484 507 1554 πάντων
529 1483 709 1553 ἀποστάντα
730 1512 769 1571 με
792 1490 855 1552 τιῦν
880 1484 983 1552 ἀλλων
1005 1487 1180 1573 φροντίδων
1203 1481 1302 1569 μόνης

203 1595 261 1673 τῆς
282 1591 416 1672 ίμαυτοῦ
441 1592 519 1675 ζωῆς
541 1596 760 1677 προνοεῖσθαι,
794 1591 845 1655 καὶ
863 1586 920 1672 τῆν
940 1589 1052 1655 οίκείαν
1075 1582 1248 1675 ἀσφάλειαν
1266 1589 1300 1653 lx

176 1690 321 1767 Επαντάς
340 1688 613 1779 πραγματεόεσθαι
633 1689 760 1779 τρόπου.
787 1686 899 1757 τοῦτου
921 1691 955 1758 δὲ
974 1690 1032 1774 τῆν
1053 1687 1223 1777 διόρθωσιν
1239 1688 1300 1773 ἀμ-

172 1800 175 1809 ’
203 1804 276 1881 φοῖν
294 1790 367 1877 ῦμῖν
391 1794 586 1882 ἀνηρτῆσθαι
608 1797 717 1881 ίχρῆν,
745 1795 772 1860 ελ
794 1791 834 1859 τά
847 1796 950 1860 δίκαια
964 1789 1109 1879 πράττειν
1120 1788 1298 1875 ίβοάλεσθε,

203 1891 251 1971 οἷς
261 1896 353 1979 χρίος
375 1895 458 1962 άπαν
474 1897 608 1981 ἀνῆπται
628 1903 703 1961 πᾶσι
718 1891 844 1982 τρόποις
859 1896 1033 1980 ἐπείγεσθαι
1053 1894 1234 1980 ἀποτρέπειν
1247 1897 1298 1961 καί
1308 1906 1342 1961 15

201 1993 402 2078 ἀποκόπτειν,
430 1997 485 2064 είτι
506 2025 566 2066 που
586 1994 667 2064 κατά
685 2022 719 2063 τε
741 2004 805 2064 τῶν
820 2002 877 2080 τῆς
898 1997 1056 2079 βασιλείας
1076 1993 1156 2081 ὁμοῦ
1178 1999 1301 2082 καὶτῆς

201 2099 361 2185 ἔκκλησίας
373 2096 545 2188 ῦποφάοιτο
560 2102 669 2176 κακίας
683 2096 868 2183 βλάστημα,
897 2097 915 2165 ὃ
938 2103 1116 2182 λυμανεῖται
1129 2106 1299 2186 προβαῖνον

202 2198 245 2278 είς
272 2200 399 2286 αῦξησιν
424 2206 474 2269 καὶ
503 2201 586 2269 ἀπαν
607 2200 706 2287 ἀρδῆν
728 2200 855 2288 ἀφανιεῖ
874 2199 911 2267 τὸ
933 2197 1046 2287 κράτος
1061 2200 1188 2289 ἀμφοῖν.
1214 2199 1300 2285 ῦμεῖς

202 2304 238 2369 δὲ
255 2311 429 2392 μοχθηροῖς
448 2302 579 2390 ἀνδράσι
597 2302 704 2389 λάθρα
733 2305 785 2370 καλ
809 2302 908 2388 coget
935 2302 1213 2390 κοινολογοῦμενοι,
1249 2307 1300 2370 καὶ

174 2416 269 2484 Ἑτοῖς
292 2406 394 2472 adreio
415 2404 603 2494 παραλόγοις
622 2403 763 2489 ἑπόμενοι
781 2401 899 2490 λόγοις,
933 2411 973 2493 τῆ
994 2405 1139 2498 ἀριστερᾷ
1150 2410 1229 2495 χειρὶ
1243 2406 1343 2494 crim

201 2507 303 2586 δεξιάν
324 2505 506 2576 ἀποκόπτειν
532 2508 733 2596 ἐπειγομένοις
766 2504 885 2586 ἑκόντες
913 2508 1038 2576 ἐοίκατε.
1073 2507 1175 2576 lisceto
1198 2513 1226 2577 εί
1241 2512 1299 2595 μὲν

201 2611 277 2695 ἐμοῦ
300 2611 357 2696 τῆν
374 2612 480 2697 ψυχὴν
502 2609 616 2699 ίξάγειν
636 2617 693 2677 τοῦ
720 2607 866 2695 στόματος
884 2620 950 2688 τοῖς
969 2609 1142 2695 ἓπιβοάλοις
1160 2604 1200 2698 ῆν
1221 2613 1299 2701 πρὸς

199 2710 377 2798 βουλήσεως
397 2708 496 2799 μόνου
504 2765 516 2796 ,
550 2717 601 2781 καί
624 2713 669 2799 μὴ
689 2713 770 2780 κατδ
792 2712 908 2790 παντὸς
922 2711 1045 2801 ίχάρει,
1072 2722 1136 2782 τῶν
1151 2741 1185 2782 τε
1199 2720 1299 2804 φίλων

200 2818 330 2884 καὶτῶν
350 2814 480 2904 ἐκγόνων
486 2868 497 2899 ,
532 2817 569 2885 τό
588 2823 646 2903 τῆς
659 2822 748 2905 σφιῦν
764 2814 921 2897 ἀναιδείας
937 2819 1044 2906 ξίφος,
1076 2816 1151 2896 ἴσως
1162 2819 1218 2904 μίν
1233 2819 1298 2887 ἐσί-

267 2947 311 3002 25.
326 2944 439 3004 πάντων
455 2947 523 3002 coni.
536 2946 612 3002 Boiv.

198 3048 349 3105 stantimiml
365 3050 495 3103 contraris
507 3049 595 3104 eodem
607 3052 724 3120 tempora
737 3047 820 3104 eidam
834 3049 875 3104 rei
891 3058 988 3134 negant
1001 3050 1086 3104 inesse
1106 3068 1190 3122 posse.
1220 3051 1297 3117 Quod

198 3133 255 3171 oum
268 3116 306 3169 ita
318 3117 369 3180 sit,
386 3135 437 3171 non
451 3118 526 3171 video
539 3135 662 3190 quaenam
679 3135 696 3171 a
709 3135 750 3171 me
763 3117 846 3189 possit
859 3120 973 3172 maciuna
985 3118 1117 3187 adhiberi,
1133 3138 1185 3191 qua
1198 3119 1296 3175 duabus

196 3186 275 3238 rebus
291 3184 376 3255 iisque
394 3186 502 3241 maxime
521 3187 657 3241 contrariis
682 3185 768 3240 divisa
790 3188 936 3240 cautissime
951 3189 1045 3257 possim
1061 3207 1093 3242 ea
1141 3190 1168 3243 ui
1184 3208 1215 3243 ea
1248 3208 1297 3245 uae

196 3253 310 3307 decrevi.
346 3254 414 3308 Nam
434 3263 462 3308 et
480 3255 530 3309 toti
551 3256 668 3325 publicae
688 3255 727 3308 rei
750 3272 825 3308 unum
848 3274 888 3309 me
906 3257 1070 3327 prospicere,
1087 3266 1114 3313 et
1143 3210 1296 3323 eomnidsus,

197 3323 243 3391 qui
258 3322 318 3374 huic
331 3323 437 3394 imperio
458 3324 569 3378 subiecti
589 3332 663 3387 aunt,
680 3324 817 3377 sollicitum
829 3342 902 3389 esse,
919 3327 1026 3395 nequid
1039 3326 1184 3382 detrimenti
1200 3336 1296 3381 temere

197 3392 232 3445 ab
247 3391 364 3446 bostibus
378 3392 523 3463 accipiant,
539 3393 566 3446 id
580 3392 681 3462 quidam
699 3410 786 3447 omnes
802 3393 883 3446 trabit
898 3394 933 3447 ad
952 3411 981 3446 se
1000 3396 1077 3450 animi
1089 3414 1191 3460 nervos,
1208 3411 1295 3449 omnes

197 3460 315 3513 vindicat
330 3462 501 3531 cogitationes
515 3470 542 3515 et
559 3479 644 3515 curas.
677 3464 713 3515 At
729 3478 775 3514 eos
793 3460 864 3531 ipsos
880 3462 951 3515 vitae
967 3481 1039 3519 mese
1052 3463 1185 3528 insidiari,
1202 3464 1296 3533 quibus

198 3527 317 3593 oonmln,
337 3529 364 3583 id
379 3547 441 3584 vero
453 3531 631 3601 gravinianum
646 3547 701 3584 cum
715 3528 764 3594 sit,
780 3529 852 3598 cogit
863 3547 903 3583 me
917 3532 985 3586 omni
998 3534 1049 3585 alis
1063 3549 1127 3586 cura
1138 3534 1240 3587 obiecto
1251 3531 1296 3585 uni

196 3596 335 3667 providere
348 3598 424 3654 saluti
436 3616 522 3663 meae,
538 3607 566 3654 et
579 3615 679 3669 quoquo
696 3598 770 3651 modo
782 3615 876 3669 parare
890 3599 950 3654 mibi
965 3601 1135 3655 securitatem.
1169 3601 1235 3655 Eius
1246 3618 1297 3654 ou·

197 3673 249 3718 tem
261 3667 300 3720 rei
313 3666 511 3722 emendationem
524 3668 644 3722 ambobus
658 3667 732 3720 vobis
745 3667 894 3722 incumbere
910 3670 1059 3738 oportebat,
1075 3668 1172 3739 siquae
1186 3686 1295 3739 omnum

197 3741 255 3789 erat
272 3753 304 3790 ea
321 3737 409 3790 iacere
422 3736 582 3800 voluissetis,
604 3737 679 3789 vobis
698 3735 815 3804 inquam,
832 3735 866 3790 ad
881 3754 944 3805 quos
962 3754 993 3790 ea
1010 3736 1090 3791 omnia
1105 3756 1168 3792 cura
1184 3748 1296 3807 spectat,

198 3819 304 3871 quorum
319 3822 392 3858 omne
405 3804 516 3858 studium
530 3805 556 3858 in
571 3822 602 3858 eo
616 3803 676 3874 poni
689 3804 784 3869 debet,
802 3812 833 3858 ut
847 3805 972 3859 avertatis
984 3823 1016 3859 ac
1028 3806 1199 3878 praecidatis,
1217 3806 1296 3876 quid·

198 3871 260 3939 quid
275 3872 302 3925 in
315 3872 448 3943 imperium
462 3873 536 3957 simul
549 3880 577 3956 et
595 3872 728 3927 ecclesiam
747 3873 906 3956 succreverit
918 3874 1039 3956 germinis
1051 3875 1119 3938 mali,
1137 3892 1187 3957 quo
1199 3874 1226 3928 in
1238 3874 1295 3928 diss

194 3943 1307 4082 tlsstffltmtl'llttffittlffllll‘i?llltltmttqlbl:,

192 4075 262 4131 sanis
276 4076 376 4131 inducti
390 4079 567 4145 suasionibus,
584 4078 617 4134 iis
631 4077 698 4133 uitro
712 4078 894 4143 assimilamini,
911 4079 957 4150 qui
970 4079 1075 4134 sinistra
1089 4097 1162 4133 manu
1177 4081 1294 4135 dextram

193 4155 326 4214 amputare
342 4147 469 4201 studeant
503 4148 557 4202 lam
571 4165 650 4211 vero,
668 4148 692 4200 sl
705 4149 813 4202 animam
830 4146 892 4203 mibi
908 4147 952 4201 uni
963 4148 1064 4218 eripere
1077 4149 1174 4204 vellent
1187 4150 1295 4205 insidia-

192 4218 264 4268 tores
277 4214 342 4278 nei,
360 4232 408 4269 nec
421 4233 507 4270 eorum
519 4215 728 4271 insolentissimus
744 4216 845 4287 gladius
861 4217 1010 4287 perauricos
1025 4234 1120 4281 omnes,
1134 4235 1183 4288 per
1197 4235 1294 4287 ornnem

193 4282 300 4355 stirpem
318 4290 388 4341 esset
400 4302 572 4360 pervasurus,
588 4285 716 4359 quiessem
731 4302 780 4358 ego
799 4285 925 4354 tommo,
949 4286 1062 4344 tortasse
1076 4286 1154 4344 etium
1168 4305 1220 4344 uon
1235 4287 1293 4360 qui·
