2992 4792
245 326 323 402 770
401 364 406 373 ·
555 332 790 406 MOEPHOBJ
809 334 1050 405 GREGORAE

78 511 111 581 ,³-
123 509 235 566 meam
245 499 327 569 καθ’
347 497 437 586 ῆμῦν
457 495 575 587 ἓανράτο
584 549 595 584 ,
620 503 673 566 καί
692 500 790 567 πολύν
812 499 967 567 ὠδίνουσα
986 498 1041 566 τδν
1062 497 1186 585 θυμόν,
1208 500 1261 564 καί
1277 495 1347 584 μά-

114 580 166 633 lud.
178 582 211 638 ¹⁵
245 605 337 673 λισθ’
362 602 410 670 ὅτι
432 605 483 669 καί
504 603 579 680 τούς
592 603 874 691 παρακαθημένους
902 600 1097 687 όπηχοῦντας
1113 598 1173 686 είχε
1191 605 1243 668 ναί
1262 601 1348 691 σφό-

244 712 306 796 δρα
332 708 569 796 ἐπικρατοῦντας
593 704 833 792 κολακικώτερον
852 704 978 794 τρόπον.
1015 706 1063 771 διὸ
1088 707 1139 771 καί
1163 710 1266 782 κακῶς
1286 708 1346 788 μὲν

244 811 347 898 ἀφίει,
374 810 521 897 κρατερὸν
534 813 553 874 δ
558 809 567 837 ²
585 811 633 875 tut
649 816 757 894 μῦθον
771 810 903 891 ἔτελλεν,
924 808 1077 895 ἔγγραφον
1090 809 1148 893 τῆν
1160 807 1237 891 ἐμὴν
1249 807 1344 874 ἀπαι-

239 921 339 981 τοῦσα
352 912 476 1001 γνύμην
487 915 519 979 ἐν
530 920 575 1003 τῷ
590 912 700 979 αὐτίκα
706 961 717 994 ,
747 909 790 988 ὦς
804 911 843 977 ἀν
856 908 1055 1000 βεβαιότερον
1068 911 1230 997 ἀντιλίγειν
1245 910 1371 995 ἕχοανε

209 1017 273 1084 Dal
291 1015 409 1102 ταύτης
428 1014 607 1104 όμόφρονες.
649 1014 716 1105 (ς’.)
742 1019 808 1081 Καί
830 1015 922 1081 τοῦτ’
945 1014 1045 1096 ἴστιν,
1072 1012 1091 1101 ,ὃ
1115 1016 1166 1082 καί
1185 1014 1243 1098 τὴν
1265 1015 1342 1100 ἔμῆν

239 1121 320 1209 πρὸς
330 1118 467 1208 ἀνάγκας
482 1120 556 1197 ἴσως
568 1116 775 1208 ἀντιρρήσεων
789 1117 892 1204 ῆνεγκε
905 1123 1062 1205 γλῶτταν,
1079 1116 1174 1184 ε’νίοτε
1190 1119 1242 1181 καί
1258 1117 1341 1184 lm-

236 1231 298 1309 χοῦ
310 1222 397 1308 μάλα
410 1248 457 1291 τοι
470 1221 595 1311 σφόδρα
607 1225 751 1309 γενναίας
765 1223 813 1287 lul
827 1228 871 1310 τῷ
885 1222 1020 1311 θεμελίῳ
1039 1227 1095 1305 τῆς
1109 1221 1275 1304 δεδομένης
1290 1220 1340 1287 εύ-

239 1329 360 1411 σεβείας
376 1331 530 1395 ἵστασθαι
545 1332 770 1413 παραινοῦντος
785 1326 858 1401 τούς
876 1322 1079 1410 προσιόντας,
1102 1326 1153 1388 καὶ
1168 1327 1237 1408 μηδ
1240 1323 1250 1349 ²
1268 1322 1340 1411 ἀχρι

238 1438 369 1518 στιγμῆς
390 1441 461 1507 ταῖς
480 1428 641 1515 τηνικαῦτ’
671 1426 929 1508 ἐπιπολαζούσαις
948 1429 1167 1515 καινοφωνίοις
1185 1429 1339 1512 ἐγκλίνειν,
1351 1440 1384 1495 10

236 1534 449 1620 μεμνημένους
468 1540 532 1600 τῶν
554 1532 751 1618 εύαγγελοιῦν
774 1557 807 1597 τε
824 1534 875 1597 καί
891 1532 1103 1597 ἀποστολικῶν
1123 1530 1341 1615 παραινέσεων·

207 1640 289 1703 Euat
303 1636 364 1704 ὅσα
379 1634 395 1703 ό
407 1637 504 1721 μίγας
518 1637 551 1701 ίν
565 1635 711 1727 θεολογίρι
724 1640 756 1701 Γ
752 1630 894 1721 ρηγόριος
900 1684 911 1716 ,
937 1635 970 1711 ἔς
982 1634 1042 1710 τδς
1058 1630 1167 1717 ὁμοίας
1181 1635 1343 1716 ἐμπεπτω-

239 1740 301 1816 νιδς
320 1737 512 1824 περιστάσεις
525 1744 582 1823 τῆς
598 1739 769 1823 ἐκκλησίας,
790 1738 947 1824 δείξασιν·
973 1734 1088 1822 ,,ῆμει”ς
1102 1734 1223 1825 (λέγων)
1246 1736 1277 1802 οἱ
1289 1739 1343 1801 καί

237 1844 326 1929 μίχρι
338 1848 396 1927 τῆς
407 1838 560 1925 τυχούσης
573 1842 697 1928 κεραίας
711 1843 761 1907 καὶ
771 1848 916 1927 γραμμῆς
928 1847 985 1907 τοῦ
997 1836 1169 1922 πνεύματος
1182 1839 1239 1923 τὴν
1252 1840 1343 1926 ἀκρί·

237 1954 326 2029 βειαν
352 1947 490 2020 ἕλκοντες
511 1943 623 2011 οῦποτε
647 1942 802 2027 δεξόμεθα
831 1942 883 2033 (οά
904 1943 964 2030 γάρ
985 1941 1084 2028 ὅσιον)
1107 1941 1178 2009 odat
1196 1941 1254 2018 τάς
1265 1943 1390 2010 tta-ts

233 2051 346 2133 χίστας
366 2046 491 2135 πράξεις
509 2051 574 2131 είκῆ
595 2050 833 2130 σπουδασθῆναι
855 2057 922 2124 τοῖς
941 2043 1140 2133 ἀναγράφασι
1149 2092 1160 2126 ,
1188 2045 1343 2130 καὶμέχρι

236 2158 294 2218 τοῦ
309 2149 464 2238 παρόντος
474 2148 581 2236 μνῆμη
596 2152 809 2233 διασωθῆναι·
827 2150 898 2215 ἀλλ’
913 2150 957 2216 ’ἶν’
970 2146 1057 2236 ἡμεῖς
1070 2148 1185 2233 ἔχωμεν
1197 2145 1342 2233 διιομνῆ·

134 2262 169 2319 V.
176 2263 227 2320 891
234 2277 322 2337 ματα
337 2256 388 2318 καί
405 2250 600 2335 παιδεύματα
615 2259 673 2336 τῆς
688 2259 751 2318 τῶν
766 2250 899 2335 ὁμοίιον,
925 2253 1041 2319 εἴποτε
1059 2252 1210 2335 συμπίσοι
1220 2252 1338 2340 καιρός,

206 2356 443 2439 Ρδιασκίφειος·
470 2353 549 2422 ὥστε
572 2354 612 2421 τά
632 2356 690 2438 μίν
707 2353 850 2442 φεύγειν,
872 2355 914 2421 τὰ
934 2356 967 2422 δ’
992 2356 1167 2444 αἱρεῖσθαι,
1195 2351 1260 2423 οἷον
1282 2381 1340 2421 aa·

228 2457 299 2527 νόσι
313 2460 374 2525 τισί
389 2460 441 2524 καί
454 2455 579 2541 τύποις,
601 2468 668 2536 τοῖς
686 2463 898 2546 προλαβοῦσιν
917 2456 1058 2543 ἑπόμενοι
1071 2460 1298 2546 παραδείγμασι
1308 2457 1384 2529 ’''m

232 2565 284 2630 καί
305 2560 366 2630 ὅσα
387 2558 501 2645 δμοίως
526 2559 545 2629 ὃ
565 2562 661 2649 μίγας
681 2564 844 2639 Βασίλειος
863 2563 897 2627 ἐν
915 2569 961 2652 τῷ
981 2565 1049 2649 περί
1070 2564 1201 2638 πίστεως
1222 2562 1340 2649 ἔφασκε

231 2664 325 2756 λόγῳ,
347 2667 511 2754 φείδεσθαι
522 2670 682 2750 παραινοῦν
693 2667 821 2731 καὶτῶν
834 2660 996 2749 όνομύτοιν
1007 2665 1028 2750 ῆ
1041 2662 1190 2753 ῥημάσονν
1205 2666 1338 2744 ἐκείνων,

231 2768 365 2849 datram
381 2769 439 2855 μὲν
453 2767 510 2837 οὖν
528 2769 691 2858 ίμφίρεται
707 2773 747 2857 τῆ
767 2769 841 2861 θείη
854 2776 979 2859 γραφῇ,
1001 2766 1139 2836 διύνοιάν
1151 2793 1184 2854 γε
1195 2768 1260 2852 μὴν
1278 2766 1338 2832 αύ-

233 2966 340 3023 affatui
351 2965 409 3020 viss
421 2968 472 3030 est,
488 2969 516 3017 st
528 2965 632 3021 multam
644 2963 709 3018 iram
723 2965 868 3036 parturir03
885 2966 964 3037 idque
976 2984 1007 3020 eo
1017 2967 1135 3033 maxime,
1152 2966 1222 3038 quod
1236 2966 1281 3037 qui
1293 2983 1339 3022 aa·

233 3037 354 3095 sidebant
370 3035 396 3089 ei
413 3034 575 3098 accinereot,
593 3040 621 3086 et
632 3032 768 3088 immodica
781 3036 928 3089 adulatione
941 3036 1133 3106 applauderent.
1166 3037 1268 3094 ldeiroo

421 3100 585 3170 Dimittitque
597 3104 726 3184 superbe,
743 3103 867 3174 additque
880 3105 951 3158 haud
967 3104 1050 3158 mollia
1066 3104 1146 3171 iussa,

232 3189 314 3228 meam
326 3176 357 3224 ut
368 3171 519 3224 seutentiam
533 3172 668 3224 confestam
680 3172 778 3243 scripto
792 3173 921 3227 traderem
935 3174 1091 3243 efflagitans,
1108 3192 1159 3245 quo
1173 3179 1281 3243 possent
1292 3174 1340 3227 tir·

232 3240 298 3296 mius
312 3239 491 3293 oontradicere
504 3240 533 3302 ii,
545 3241 591 3309 qui
606 3258 661 3293 eum
674 3259 705 3295 ea
717 3243 852 3296 sentirent.
887 3243 962 3311 (vl.)
979 3246 1062 3313 Atque
1074 3244 1138 3297 illud
1153 3243 1278 3297 videlicet
1290 3262 1339 3297 aa·

232 3309 361 3364 sessitatis
379 3310 446 3372 fuit,
464 3308 531 3390 quod
546 3318 574 3362 et
591 3327 632 3363 me
649 3311 732 3380 ipsum
752 3312 785 3365 sd
803 3310 1025 3365 contradicendum
1040 3313 1157 3382 impulit,
1174 3331 1230 3366 cum
1246 3312 1339 3366 obvios

231 3395 363 3450 quosque,
385 3384 416 3431 ut
431 3378 478 3430 reli
499 3377 564 3430 'onis
581 3378 631 3431 sibi
650 3379 763 3434 traditae
781 3381 952 3434 fundamentis
970 3380 1121 3434 insisterent
1138 3398 1231 3450 magno
1252 3382 1338 3434 auimo

230 3464 410 3517 nonnunquam
424 3454 452 3499 et
465 3464 479 3499 a
491 3444 559 3498 rcubi
579 3448 714 3514 hortarer,
730 3458 810 3519 atque
824 3459 853 3502 ut
870 3468 903 3502 ne
939 3456 1014 3502 uncto
1030 3451 1132 3519 quidem
1145 3459 1220 3504 teum
1234 3450 1268 3503 ad
1280 3467 1337 3514 eas,

231 3534 300 3587 quae
315 3523 369 3569 tum
387 3515 548 3586 gliscebant,
566 3516 710 3586 opinionum
726 3517 856 3572 novitates
871 3467 1044 3584 decE'nareut,
1060 3519 1107 3571 sed
1123 3526 1152 3571 ut
1172 3521 1338 3589 evangelicu

230 3592 259 3639 et
269 3583 424 3656 apostolicas
437 3583 621 3637 admonitiones
638 3587 871 3651 reminiscerentur,
888 3594 917 3639 st
930 3605 996 3657 quse
1009 3602 1117 3658 maguus
1129 3589 1276 3656 theologiae
1288 3588 1338 3643 tlo-

230 3661 289 3709 eaor
301 3655 447 3723 Gregorius
460 3653 590 3718 disseruit,
603 3672 659 3707 cum
672 3655 700 3708 in
711 3656 803 3709 similia
816 3656 949 3726 religionis
961 3663 1077 3724 tempora
1089 3656 1234 3710 incidisset.
1259 3657 1338 3722 „Nos

228 3723 343 3806 (iuquit)
354 3739 410 3775 sum
423 3728 567 3777 semirutam
579 3724 695 3794 Spiritus
708 3724 865 3846 diligentiam
878 3725 910 3779 ad
926 3725 1063 3795 quemlibet
1075 3726 1182 3795 apicem,
1198 3726 1232 3778 ad
1248 3743 1338 3795 quam·

228 3790 293 3845 hbet
308 3791 432 3860 virgulam
445 3793 594 3857 trahamus,
610 3809 739 3863 nunquam
771 3795 899 3847 ederimus
916 3794 946 3861 (n
982 3812 1016 3849 ue
1033 3794 1099 3847 euim
1117 3795 1158 3848 ias
1171 3794 1232 3861 eat)
1251 3794 1295 3847 vel
1309 3794 1337 3847 im

228 3859 337 3914 minimis
358 3859 425 3914 sotis
446 3860 626 3926 recensendis,
649 3878 786 3933 eorumque
804 3862 924 3916 memoria
944 3881 959 3916 a
998 3881 1123 3933 praeseus
1142 3881 1224 3934 usque
1235 3871 1339 3932 tempus

229 3929 415 4004 commanda,
433 3934 530 3982 temere
543 3930 691 3984 elaborasse
703 3948 757 3996 eos,
773 3932 817 4001 qui
831 3932 1003 4014 seripserunt3
1021 3932 1068 3985 sed
1082 3950 1113 3985 eo
1125 3939 1155 3986 ut
1166 3949 1213 3984 nos
1227 3932 1339 3987 habere-

228 4016 284 4052 mus
297 3998 451 4052 monimeuta
464 4002 493 4051 et
505 3998 667 4063 documenta,
685 4000 780 4070 quibus
793 4000 820 4054 iu
834 3999 952 4053 similium
967 4018 1052 4055 rerum
1067 4001 1233 4066 traomtione,
1251 4000 1339 4054 siun·

228 4085 305 4137 quam
320 4064 447 4120 incideret
461 4068 573 4133 occasio,
584 4074 727 4122 uteremur=
745 4070 784 4124 ita
796 4076 826 4123 ut
839 4067 981 4139 praeterita
996 4070 1112 4140 exempla
1124 4078 1246 4140 tanquam
1259 4086 1339 4140 regu·

228 4137 269 4191 las
282 4141 311 4191 st
324 4134 480 4206 archetypos
494 4137 567 4189 nohis
583 4137 762 4207 proponendo,
780 4138 846 4191 haee
859 4137 960 4208 quidem
974 4139 1136 4206 fugeremus,
1153 4139 1198 4193 illa
1212 4157 1276 4192 vero
1289 4137 1338 4191 efi-

226 4202 380 4274 geremus”=
397 4213 504 4275 atquae
519 4206 618 4274 pariter
632 4224 738 4275 magnus
747 4207 860 4262 Basilius
875 4207 1019 4276 disputavit
1034 4208 1062 4260 in
1076 4225 1124 4272 ea,
1137 4225 1213 4278 quam
1228 4208 1261 4260 ds
1270 4206 1337 4260 Fide

228 4272 347 4345 scripsit,
360 4273 492 4327 orationes
528 4275 665 4329 arcendum
673 4293 780 4331 monens
794 4275 828 4329 iis
841 4293 946 4347 quoque
959 4276 1104 4329 nominibus
1119 4285 1147 4329 et
1153 4276 1252 4341 verbis,
1268 4292 1338 4347 quas

228 4341 255 4396 in
266 4360 344 4398 asora
354 4342 492 4414 Scriptura
507 4292 608 4399 inum
621 4345 724 4417 quidem
737 4352 765 4401 st
780 4362 905 4418 expressa
916 4362 968 4400 oon
982 4352 1102 4411 exstant,
1118 4343 1171 4399 vim
1183 4352 1268 4399 sutem
1279 4361 1337 4399 ean
