2992 4792
359 321 594 393 HISTORIAE
614 323 891 394 BYZANTINAE
911 325 999 394 XIV.
1020 334 1050 398 8.
1169 318 1242 392 721

154 515 219 566 τοις
236 491 289 555 καὶ
312 483 475 571 βάναυσον
496 485 603 572 άγουσι
622 489 691 570 βίου
709 490 823 554 ποιεῖν·
849 489 883 555 ίκ
904 490 938 556 δὲ
954 485 1100 577 θοράβων
1113 486 1244 577 είρήνην,
1264 507 1328 558 λθ.
1343 500 1412 562 1344

152 593 224 659 atat
237 602 305 668 τοῖς
321 586 449 677 σφόδρα
463 601 596 665 συνετοῖς
616 589 703 673 μάλα
716 616 764 655 τοι
781 590 899 659 εὔοδον.
925 593 961 658 sd
976 594 1031 676 μέν
1045 593 1104 681 γάρ
1120 578 1411 698 αὔτονο-Ῑωξέζΐῗ

151 697 209 785 μίῳ
225 691 352 781 φάσεως
375 693 499 778 ἄγεται·
527 688 548 776 ἦ
573 695 607 758 δέ
622 690 714 780 φάσις
735 692 870 760 ἄτακτον
886 697 936 760 καὶ
951 692 1115 779 ἀνώμαλον
1129 693 1278 780 ὥμολό-Ιλ
1347 681 1354 696 ⁸

151 823 243 883 γηται
253 794 354 862 εἶναι·
380 796 416 861 τὸ
432 795 465 860 δέ
480 797 600 885 παιδείῳ
611 798 661 861 καὶ
675 796 792 862 συνέσει
806 798 1029 886 βεβουλευμένῃ
1047 801 1097 864 καὶ
1111 797 1251 887 σώφροσι
1352 792 1356 807 ’

132 907 314 986 ὅλογισμοῖς
330 901 501 976 οίακίζεται.
528 895 603 963 ὅθεν
626 898 661 964 sd
675 899 732 982 μίν
745 901 795 963 καὶ
809 899 866 975 τάς
880 899 935 966 οὔκ
957 900 1053 978 οὔσας
1067 901 1252 969 ἀναπλάττει

151 1000 343 1089 προφάσεις,
373 997 482 1086 ἐφόδια
502 1003 625 1085 πορίζον
643 1012 712 1079 ταῖς
730 998 862 1087 μάχαις·
889 1004 925 1069 τδ
948 1005 983 1069 δέ
1006 1004 1134 1082 καὶτὰς
1156 1004 1254 1082 οὔσας

153 1106 306 1187 ίιιτίμυειν
321 1108 479 1188 πειρᾶται,
506 1101 648 1193 καθάπερ
663 1104 769 1190 ἰατρὸς
787 1103 918 1191 πρὸτῆς
932 1103 1072 1191 βλάστης
1088 1109 1120 1173 έν
1131 1115 1170 1195 τῇ
1185 1105 1280 1194 ῥίζης)

154 1208 215 1292 τὴν
237 1207 407 1292 θεραπείαν
424 1203 618 1288 τεχνάμενος.
663 1205 732 1295 (Β.)
756 1207 843 1291 Ἐμοὶ
865 1209 922 1290 μὲν
941 1201 996 1273 οὔν
1022 1207 1074 1275 διά
1097 1236 1130 1275 τε
1153 1216 1254 1276 ταῦτα

156 1311 280 1394 βέλτιον
295 1309 351 1373 τὸν
365 1304 492 1391 ἧσῦχιον
506 1307 588 1385 idaia
600 1311 671 1391 βιόν
686 1307 812 1374 ἑλέσθαι
819 1358 830 1389 ,
852 1312 902 1375 καί
916 1309 982 1394 ἅμα
993 1313 1174 1402 μεμνημένῳ
1194 1303 1253 1377 κά-

113 1423 235 1481 Ῑοκεῖνο
259 1411 296 1477 sd
319 1408 464 1493 Ζήνωνος
485 1417 541 1476 τοῦ
567 1418 667 1497 σοφοῦ
674 1460 685 1493 ,
714 1410 796 1488 ὅπως
817 1413 849 1476 ἐν
869 1417 1030 1503 συμποσίῳ
1042 1422 1170 1505 μακρῷ,
1190 1421 1254 1481 τῶν

156 1515 260 1581 ἄλλων
278 1520 388 1598 eequis
414 1514 615 1589 ,ἐπιδεικτικῶς
635 1523 700 1590 τοῖς
711 1515 744 1578 lx
762 1518 950 1596 Βαβυλῶνος
971 1513 1158 1599 ὁμιλούντων
1178 1518 1254 1607 πρί-

155 1625 282 1697 σβεσιν,
309 1613 404 1698 μόνος
421 1614 514 1691 αὐτὸς
528 1614 644 1681 ίσιάπα
651 1664 662 1696 ,
688 1619 739 1681 καλ
755 1616 812 1700 τὴν
827 1619 927 1683 αἰτίαν
940 1626 1002 1684 τῶν
1015 1622 1170 1706 πρίσβεων
1182 1622 1252 1707 ipo·

156 1721 259 1804 μένων
278 1725 335 1801 τῆς
353 1724 486 1800 σιωπῆς,
511 1717 557 1783 ‘iv‘
580 1717 675 1801 έχοιεν
696 1718 890 1803 ἀπαγγέλλειν
914 1728 958 1808 τῷ
980 1707 1103 1804 βασιλεῖ
1113 1723 1210 1808 σαφές
1224 1741 1284 1794 τοι)

157 1824 229 1906 περὶ
244 1821 358 1885 αὐτοῦ·
385 1820 616 1908 »πορευθέντες
629 1820 860 1907 άπαγγείλατε,”
876 1825 980 1905 φησὶν,
998 1825 1100 1902 ,βδεῖν
1115 1821 1255 1907 ἐνἈθή-

113 1938 153 1992 15
161 1949 231 2000 ναις
246 1922 423 2007 ἄνθρωπον,
443 1930 563 2012 σιωπᾷν
575 1924 608 1988 έν
624 1923 785 2010 συμποσίῳ
801 1920 1004 2005 δυνάμενον.”
1030 1923 1096 2011 (Γ.)
1111 1921 1202 1991 Οὕτω
1216 1925 1255 2010 δὴ

158 2025 325 2113 πεπραχώς
341 2028 392 2090 καλ
408 2024 502 2102 αὔτδς
519 2022 623 2112 ἑώρων
644 2025 746 2111 ὥσπερ
761 2026 795 2090 ἔκ
813 2032 942 2101 σκοπιάς
959 2023 1082 2113 σφόδρα
1098 2026 1256 2114 direptio·

158 2136 333 2205 νεικοῦντυς
348 2127 423 2204 τοδς
435 2126 625 2215 ἑκατέρωθεν
645 2124 885 2214 άναβράσαντας
909 2125 1067 2205 κλάδωνιις
1090 2129 1123 2202 iit
1144 2156 1177 2196 τε
1193 2137 1256 2196 τῶν

159 2233 318 2317 δημοσίων
343 2230 376 2296 έκ
398 2256 430 2296 τε
461 2237 523 2297 τῶν
550 2231 638 2318 ἱερῶν
662 2236 718 2315 τῆς
741 2231 902 2315 ἐκκλησίας
927 2230 1134 2317 πραγμάτων,
1172 2231 1256 2310 ὅστις

158 2333 243 2421 λάβῃ
257 2334 294 2399 sd
307 2336 420 2416 μεῖζον,
446 2335 496 2398 καί
509 2333 595 2417 δίκην
609 2330 747 2401 ὁλκάδων
763 2334 849 2407 δυοῖν
862 2334 894 2398 ἓν
908 2334 993 2422 μέσῳ
1009 2341 1193 2420 πλημμελῶς
1205 2339 1285 2401 salli

112 2434 302 2512 indesinente
319 2436 493 2521 άγομίνων,
516 2438 567 2500 καί
587 2436 762 2523 φερομένων
775 2432 878 2523 φοράν
898 2462 966 2502 τινα
985 2440 1036 2503 καὶ
1051 2440 1167 2523 κίνησιν
1180 2438 1257 2504 ‹iuu-

157 2536 313 2627 βέρνητάν
329 2563 362 2604 τε
376 2541 426 2603 καὶ
440 2537 551 2624 ὔλομον
565 2541 614 2604 καὶ
629 2537 793 2621 άνιῦμαλον
799 2587 810 2618 ,
834 2541 885 2603 καὶ
899 2540 967 2604 οἵαν
978 2550 1059 2607 ποιεῖ
1068 2541 1103 2605 τὸ
1118 2538 1257 2623 αὐτόμα-

158 2662 235 2708 τον·
262 2638 306 2717 ὥς
319 2641 397 2723 μετὰ
415 2646 471 2706 τοῦ
492 2640 536 2725 με)
558 2638 713 2706 liranum
737 2642 816 2724 μηδὲ
836 2638 1007 2722 βούλεσθαι
1027 2626 1157 2725 βοηθεῖν
1172 2668 1257 2730 περι-

159 2744 380 2829 στστουμένοις
395 2741 555 2829 ἀλλήλους·
583 2743 660 2809 ἀλλ’
677 2739 791 2826 ὁμοίως
812 2738 932 2818 ἑαυτοῖς
953 2767 985 2807 τε
998 2745 1049 2807 καὶ
1063 2741 1205 2829 ἀλλήλοις
1227 2745 1258 2821 ές

235 2891 262 2944 9.
278 2884 387 2944 κάκεῖνο
404 2887 478 2942 Bois.
496 2904 543 2959 pro
559 2885 686 2960 κάκείνῳ.
739 2891 781 2943 11.
798 2884 828 2944 ἐκ
845 2885 920 2941 Bois.
937 2902 986 2957 pru
1003 2884 1042 2944 ἐν.
1094 2890 1135 2944 16.
1152 2885 1184 2944 έν
1199 2892 1259 2942 anta

235 2960 350 3023 σκοπιᾶς
366 2956 512 3011 adanon.

181 3077 250 3133 lebis
264 3076 405 3130 hominbus
416 3076 493 3131 facila
506 3081 562 3140 σοῖς
578 3094 611 3130 ex
623 3075 731 3131 tumultu
743 3093 921 3146 scropebam,
938 3093 971 3130 ns
982 3075 1187 3146 pandentissinais
1199 3074 1259 3146 qui-

160 3097 222 3201 ὔευι
241 3146 319 3199 vulda
336 3153 486 3216 promptum.
527 3146 640 3199 Alterum
659 3147 755 3216 quippe
773 3145 902 3199 liberrimo
922 3155 1030 3199 naturae
1047 3146 1143 3216 impetu
1159 3146 1258 3198 fertura

161 3222 282 3270 mauram
298 3232 375 3285 perun
387 3215 557 3268 inordinatum
570 3215 690 3285 quiddam
703 3233 762 3267 ease
774 3223 875 3268 cunstat
887 3222 914 3267 at
926 3214 1073 3283 inaequale:
1090 3214 1197 3268 alteram
1211 3232 1259 3268 su·

161 3294 215 3339 tem
227 3291 300 3337 easta
312 3283 389 3337 enini
399 3283 493 3336 iudicio
505 3289 532 3336 et
542 3283 699 3354 sapientibus
711 3283 824 3337 consiliis
836 3283 943 3351 regitur.
966 3283 1057 3352 ltaque
1070 3282 1132 3336 illud
1147 3283 1259 3352 quidem,

161 3363 194 3407 nt
212 3353 372 3406 uoeasienem
388 3351 527 3405 dbeordlis
544 3355 668 3422 praebeat
675 3360 689 3420 ,“
707 3369 800 3405 enum
812 3351 1174 3415 annunciantium,
1193 3368 1260 3420 qnae

162 3422 251 3476 nullae
267 3428 341 3474 sunt:
364 3421 433 3473 istud
446 3438 508 3473 vero
526 3421 603 3475 etiam
623 3439 684 3484 eas,
700 3439 769 3491 qaae
784 3422 906 3481 subsunt,
922 3421 1038 3474 recidere
1050 3427 1171 3484 conatum
1188 3421 1260 3473 velut

161 3491 290 3545 medieas.
301 3489 347 3559 qui
360 3492 456 3554 narbo,
473 3496 609 3560 antequam
620 3498 729 3553 ernest,
745 3490 772 3541 in
784 3489 841 3559 ipsa
853 3489 943 3542 radice
954 3488 1077 3542 medicam
1088 3488 1195 3541 adhibet
1205 3505 1260 3541 ma-

161 3576 234 3614 nunt.
268 3558 332 3626 (11.)
347 3558 412 3611 ltiibi
429 3557 510 3627 igitur
524 3558 686 3629 tranquillam
701 3559 781 3612 vitam
801 3558 898 3627 eligere
915 3557 995 3610 satius
1008 3556 1089 3610 visum
1103 3564 1158 3621 eat,
1176 3566 1204 3609 et
1215 3556 1260 3610 illa

160 3628 308 3697 cogitanti,
325 3634 353 3680 et
367 3628 415 3679 bne
426 3629 499 3680 simul
511 3628 623 3681 Ζοοοοίο
638 3628 705 3680 illius
722 3626 846 3697 sapientis
859 3626 1046 3689 reminiscent13
1081 3626 1108 3678 ui
1124 3625 1219 3679 celebri
1233 3626 1260 3678 in

162 3696 296 3760 convivio,
313 3712 370 3747 eum
382 3695 514 3750 ambitiose
530 3697 626 3750 eaeteri
639 3697 785 3766 philosophi
799 3694 866 3765 apud
881 3695 979 3765 legatas
994 3644 1151 3764 Rabyianios
1166 3695 1208 3747 dis
1243 3722 1260 3735 -

161 3772 268 3827 tarent,
283 3764 378 3817 allebat
388 3764 446 3833 ipae
459 3765 542 3829 solas,
555 3774 582 3818 et
594 3765 690 3818 silentii
704 3782 804 3818 causam
819 3764 1007 3817 sciscitantibus
1019 3763 1122 3832 legatis.
1140 3770 1169 3816 at
1180 3711 1261 3817 baffi-

164 3840 227 3887 rent
242 3832 338 3902 aliquid
352 3833 385 3885 de
399 3850 430 3886 ee
444 3833 517 3899 certi,
535 3833 603 3903 quod
615 3834 673 3901 regi
685 3835 882 3887 renunciarent=
900 3833 1020 3897 ,nbiw
1035 3833 1127 3901 inquit,
1144 3849 1202 3894 „aa
1216 3849 1261 3885 re-

162 3903 297 3964 nunciate,
314 3901 411 3954 vidisse
424 3919 473 3955 νοι
487 3902 593 3955 Athenis
606 3918 663 3955 eum
675 3902 812 3966 huminem,
828 3902 872 3970 qui
886 3902 962 3954 silere
975 3902 1002 3954 in
1014 3901 1133 3954 convivio
1146 3898 1260 3970 posset.‘’

162 3970 245 4039 (111.)
262 3969 332 4022 ldesn
347 3987 397 4039 ego
415 3987 471 4024 cum
484 3970 618 4034 fecissem,
641 3970 825 4040 prospiciebam
841 3979 886 4023 tan
904 3987 961 4023 uam
979 3988 994 4023 e
1012 3968 1119 4040 apecula
1137 3987 1196 4033 eos,
1217 3969 1262 4039 qai

162 4040 289 4108 utrinqne
310 4037 529 4103 effervescebant,
552 4047 604 4093 tam
624 4039 736 4092 civilium
757 4056 831 4108 quam
852 3989 1082 4092 eciiesiasticuram
1103 4039 1262 4107 negotiorum

162 4108 269 4171 fluetus,
286 4108 410 4161 acerrime
420 4109 489 4162 inter
501 4126 530 4161 se
541 4116 678 4171 certantes,
694 4109 783 4177 eequis
795 4109 912 4177 superior
924 4106 1061 4170 evaderet3
1077 4114 1155 4177 atque
1168 4108 1195 4160 in
1208 4125 1262 4160 me-

164 4176 290 4230 diutinas
303 4176 382 4229 veluti
395 4192 489 4241 naves,
505 4177 575 4231 nulla
586 4176 660 4245 lega,
678 4176 748 4229 nullo
764 4176 853 4229 ordine
866 4183 970 4239 euntes,
986 4176 1033 4229 sed
1046 4177 1142 4246 inpetu
1155 4176 1261 4244 qaudam

162 4251 287 4312 notaque
299 4246 453 4309 tannarii»,
469 4263 546 4299 essen
562 4252 590 4298 et
602 4244 731 4314 inaequali
746 4246 885 4313 abreptas,
902 4244 1000 4314 qualem
1019 4244 1101 4298 efficit
1120 4261 1211 4307 σεειιες
1233 4248 1264 4296 ut

164 4331 217 4368 nee
229 4320 351 4386 posent,
368 4329 417 4369 nee
427 4315 523 4370 vellent
535 4312 655 4387 opitulati
668 4313 719 4368 sibi
732 4312 839 4367 invicem
856 4312 1051 4379 circumventis3
1068 4312 1115 4368 sed
1125 4311 1223 4384 pariter
1235 4316 1263 4365 et
