2992 4792
389 322 624 397 tusuoarau
640 285 923 395 airammum
936 322 1008 395 xv.
1023 332 1075 401 ιο.
1203 319 1280 394 786

179 486 318 575 ίχοόσαις
334 485 453 573 δρόμον
472 485 508 554 τὸ
525 488 637 571 πίρας·
665 483 712 565 οἷς
727 485 917 575 ἐντυγχάνειν
938 491 976 556 τί
1002 491 1066 559 ἔστι
1092 492 1193 586 ῥᾷστα
1215 501 1281 573 τοῖς
1297 505 1364 558 tc,
1377 504 1444 561 1³47

174 595 376 678 βουλομένοις
401 593 452 656 καί
476 590 542 674 ἅμα
562 590 598 658 νδ
621 590 774 675 πολύχουν
793 618 827 659 τε
851 596 902 659 καὶ
922 598 1059 662 ποικίλον
1078 604 1143 663 τῶν
1161 578 1446 700 δποθί-Ῑωῖἑειοῗ“ἔ““

175 721 253 762 σεων
268 695 487 782 ἀκριβέστερον
504 692 716 777 ἐκμανθάνειν.
742 692 864 763 τούτων
883 695 917 762 δ’
936 696 1035 780 οὕτως
1049 695 1198 785 ἐχόντων,
1218 704 1282 781 ίξί-
1379 681 1386 696 ⁸

174 825 245 865 στοιι
261 800 373 865 λοιπὸν
384 800 543 864 ίπανιυῖσι
558 804 620 864 τῶν
634 804 692 883 τῆς
705 798 845 885 ἱστορίας
857 796 932 884 ἡμῖν
945 803 1066 870 ἐκείνων
1080 803 1207 889 ἔχεσθαι
1220 804 1283 873 πώ-

153 908 224 968 5λιν
239 900 357 985 δμοίως
373 902 504 986 είρμών,
524 901 667 967 κάκεῖθεν
681 908 738 987 τῆς
753 907 816 968 τῶν
832 900 901 989 ἑξῆς
918 903 1100 992 ἀφηγήσεως
1114 907 1280 996 ἄρχεσθαι,

174 1007 214 1071 τὰ
228 1007 327 1072 πλείω
343 1005 509 1087 συντομίας
523 1007 620 1071 εἵνεκα
635 1011 699 1072 τῶν
711 1006 826 1089 μεταξὺ
832 1056 844 1089 ,
869 1009 920 1071 καὶ
935 1006 995 1074 ὅσα
1009 1012 1164 1089 πλείστοις
1180 1011 1285 1092 ἄλλοις

175 1111 238 1201 ίδίρ
251 1133 285 1173 τε
300 1112 351 1174 καλ
368 1108 502 1198 δημοσίρ
516 1109 600 1173 ἐστίν
615 1110 758 1195 είρημίνα
765 1159 777 1190 ,
798 1109 1102 1198 παραλιμπώνοντας.

251 1209 284 1279 ι’.
305 1211 391 1278 ’Ena
405 1211 464 1298 γδερ
481 1214 626 1298 τοῖςπερὶ
641 1212 696 1277 τόν
710 1217 871 1297 Παλαμιῖν
882 1213 918 1281 τὸ
934 1216 1182 1302 σπουδαζόμενον
1198 1216 1316 1288 iacal)

174 1308 231 1400 ἦν,
259 1314 306 1380 ἀεὶ
320 1321 468 1405 συνιστᾷν
480 1318 531 1379 καλ
548 1316 757 1397 ἐποικοδομεῖν
770 1317 828 1395 τὰς
842 1324 930 1405 σφῶν
945 1319 1049 1386 αὐτῶν
1061 1325 1278 1410 καινοφωνίιις,
1287 1301 1382 1361 V‘399

133 1423 167 1478 10
176 1415 343 1506 πόρρωθίν
359 1443 392 1484 τε
408 1420 459 1482 καὶ
483 1415 629 1503 ίγγόθεν,
653 1417 761 1484 ίπειθ’
777 1416 970 1510 διτορρίοντα
988 1424 1047 1506 μίν
1064 1426 1142 1512 πρὸς
1155 1425 1191 1491 οδ
1206 1426 1283 1493 ἀδο-

174 1521 300 1608 ξότερον
315 1521 358 1587 τὰ
369 1528 432 1587 τιῖιν
446 1523 626 1602 Βυζαντίων
641 1519 747 1608 ἓώρων
762 1521 929 1610 πράγματα
936 1575 948 1605 ,
975 1526 1015 1592 τὰ
1028 1527 1064 1593 δί
1080 1534 1137 1595 τοῦ
1151 1532 1282 1596 Καντα-

176 1629 322 1709 κουζηνοΐι
339 1625 419 1712 πρὸς
439 1625 477 1691 τὸ
494 1625 744 1712 ἐπικρατίστερον
769 1625 896 1693 ἀνιόντα
901 1677 915 1710 ,
929 1627 1043 1695 Ἄνναν
1057 1632 1115 1715 μίν
1139 1633 1171 1709 ἐς
1182 1626 1281 1721 προό-

178 1753 255 1793 mov
278 1728 365 1794 αὐτοὶ
389 1730 440 1793 καὶ
462 1734 613 1815 λαμπρῶς
633 1725 794 1796 ἐθώπευον
814 1729 873 1816 τὴν
892 1733 1059 1815 βασιλίδα,
1089 1732 1143 1800 διό
1164 1761 1198 1801 τε
1218 1743 1283 1804 τῶν

179 1831 259 1918 oriri}
275 1832 548 1921 προσῳκειωμένων
571 1828 732 1916 ἀρχόντων
745 1836 797 1898 καί
817 1831 892 1900 ὅσον
905 1834 962 1919 τὴν
972 1837 1130 1920 βασίλειον
1146 1834 1280 1926 ἐπλήρου

130 1943 380 2020 15γυναικωνῖτιν
397 1940 523 2019 πλῆθος
530 1983 542 2016 ,
569 1936 622 2000 ἵνα
645 1936 684 2020 δὴ
698 1937 980 2023 συναγωνιζομίνην
996 1937 1090 2022 ίχοιίν
1104 1964 1210 2028 σφισιν
1224 1942 1282 2007 αὖ·

171 2039 229 2122 τὴν
254 2037 320 2122 ἅμα
342 2049 407 2115 τοῖς
427 2038 518 2125 ἄμφ’
535 2037 633 2121 αὐτὴν
650 2035 792 2105 όιίιασιν·
820 2037 902 2125 είχον
922 2041 981 2130 γδρ
998 2042 1121 2131 εὐφυῶς
1141 2041 1283 2133 ὑποδρα-

170 2151 238 2223 μεῖν
255 2145 308 2207 καλ
328 2137 554 2226 ἅναμοχλεῖσαι
572 2139 675 2232 ῥᾷστα
691 2139 817 2228 γνώμας
839 2142 1019 2232 ἀνθρώπων
1025 2196 1036 2229 ,
1064 2153 1124 2213 τοῦ
1143 2154 1379 2237 πονηροῦΡΑθί

170 2242 413 2330 παραθῆγοντος
434 2242 626 2328 πνεύματος·
651 2243 761 2333 λόθρα
785 2247 820 2314 ut
847 2259 982 2336 γραφαῖς
1003 2252 1054 2315 καὶ
1073 2249 1282 2338 πολυτρόποις

168 2360 325 2433 μηχαναῖς
343 2356 390 2439 τῷ
405 2351 653 2438 Καντακουζηνῷ
674 2348 895 2438 συνεκρότουν,
922 2349 1086 2441 πόρρωθεν
1107 2358 1158 2420 καὶ
1183 2355 1280 2424 αὐτόν

123 2453 202 2527 eote
220 2453 279 2529 τὰς
300 2454 413 2528 οἰκείας
435 2453 639 2541 καινοφωνίας
653 2454 856 2537 μεθίλκοντίς
878 2480 912 2521 τε
927 2459 977 2522 καὶ
989 2454 1201 2544 ἁρμοζόμενοι.
1230 2460 1279 2527 διδ

168 2557 220 2620 καί
244 2566 310 2632 τοῖς
330 2559 528 2642 προδιδοῦσιν
549 2556 639 2623 αὒτοὶ
662 2554 834 2643 συνήργουν
855 2558 896 2623 τὰ
916 2557 1066 2644 κράτιστα
1090 2563 1122 2636 ἐς
1143 2561 1199 2645 τὴν
1221 2569 1278 2628 τοῦ

165 2661 432 2745 Καντακουζηνοῦ
443 2661 522 2747 πρὸς
534 2657 707 2740 Βυζάντιον
721 2660 853 2726 εἴσοδον.
873 2661 924 2724 καὶ
938 2657 1051 2727 οότωσλ
1066 2663 1172 2729 λοιπδν
1190 2665 1279 2739 ἐξαν-

168 2764 449 2846 δραποδισαμένοις
469 2764 581 2829 ἐκείνου
604 2763 663 2845 τὴν
683 2759 810 2846 γνώμην
835 2760 962 2828 ἅπασαν
985 2761 1097 2850 μικρόν
1114 2790 1144 2830 τι
1164 2765 1201 2831 τὸ
1217 2792 1280 2832 κω-

171 2861 250 2930 λόον
263 2864 345 2931 ἅπαν
359 2868 510 2949 ἐνομίζετο
517 2916 528 2949 ,
554 2867 605 2931 καλ
626 2862 718 2951 μόγις
737 2865 834 2953 μίγα,
865 2865 968 2954 ρίρειν
980 2869 1032 2932 καί
1051 2864 1134 2953 ι’ίγειν
1148 2870 1307 2936 Κίοιο-Β

166 3027 227 3081 aius
248 3029 396 3098 explicanda
415 3030 607 3104 relinquentem
630 3029 663 3084 au
680 3047 745 3100 quoa
762 3029 860 3084 volenti
879 3030 972 3102 cuique
986 3029 1131 3087 facillimum
1146 3037 1187 3086 est
1202 3048 1279 3086 acce·

163 3099 248 3162 dere,
267 3109 297 3152 ut
310 3119 341 3153 er
353 3102 387 3153 iia
400 3106 485 3154 rerum
502 3099 576 3171 copia
589 3105 617 3152 et
632 3100 745 3153 varietas
761 3100 914 3154 cumulatius
928 3101 1094 3173 percipiatur.
1131 3103 1207 3165 Quae
1221 3120 1278 3156 cum

160 3168 202 3222 ita
215 3168 280 3232 aiut,
298 3170 387 3224 licebit
398 3171 447 3222 iam
462 3169 545 3234 nobie,
562 3170 595 3222 ad
610 3168 755 3222 institutum
768 3171 896 3235 reversio,
912 3173 1017 3224 eandem
1031 3172 1099 3224 illam
1115 3189 1204 3226 rursus
1217 3189 1279 3240 per-

159 3237 239 3306 sequi
255 3238 348 3291 seriem
362 3240 495 3304 historiae,
509 3245 635 3291 eteorum
648 3255 715 3307 quae
729 3244 837 3320 aequam
849 3247 909 3292 aaut
919 3241 1000 3293 ordiri
1013 3240 1074 3293 inde
1088 3241 1278 3305 narrationem

159 3306 202 3359 ita
215 3311 304 3361 tamen
316 3315 347 3360 ut
365 3309 488 3377 pleraque
500 3306 654 3372 interiecta,
672 3313 700 3359 et
710 3321 877 3378 quaecunque
896 3310 930 3361 ab
945 3309 1004 3361 allia
1019 3309 1076 3362 eive
1087 3311 1207 3380 privatim
1220 3310 1278 3364 aiva
1370 3357 1376 3366 .

158 3373 272 3446 publice
290 3385 484 3431 commemorata
499 3385 576 3442 aunt,
592 3375 736 3498 compendii
751 3393 828 3429 causa
847 3377 1001 3431 omittamus.

238 3449 281 3502 10.
300 3446 365 3499 Cum
380 3448 480 3500 omniuo
503 3447 638 3500 studerent
674 3446 773 3498 alamae
786 3451 931 3500 certatores
947 3463 1015 3500 nova
1039 3452 1179 3504 commenta
1194 3466 1278 3520 usque

158 3515 285 3569 atabilire
300 3522 328 3569 et
340 3525 487 3579 exstruere,
505 3524 584 3584 atque
595 3515 622 3566 id
639 3533 715 3568 unum
732 3523 784 3569 tam
797 3533 812 3568 e
823 3514 962 3587 longinquo
976 3533 1050 3585 quam
1064 3519 1206 3589 aproximo
1218 3537 1278 3591 ape-

157 3591 286 3648 ctareut3
301 3585 432 3655 iidemque
444 3603 486 3638 rea
499 3583 680 3655 Byzantiorum
694 3602 770 3639 ruere
783 3585 811 3638 in
825 3585 907 3655 peius,
926 3587 1132 3640 Cantacuzenum
1145 3603 1207 3641 vero
1221 3606 1277 3642 ma-

157 3654 203 3722 gia
222 3670 255 3706 ac
268 3656 352 3723 magia
363 3654 525 3707 invalescere
537 3654 788 3719 animadvertereut3
803 3657 899 3707 Annam
913 3656 1016 3726 quidem
1029 3656 1215 3739 imperatricem
1229 3675 1278 3726 pa-

156 3723 212 3776 lam
231 3731 261 3775 et
274 3722 361 3786 clare,
379 3731 433 3775 turn
445 3724 498 3792 ip'ai
515 3740 563 3792 per
577 3742 623 3787 ae,
640 3731 693 3775 tum
708 3741 756 3794 per
771 3725 842 3778 uiroa
855 3742 986 3847 principes
998 3725 1035 3778 illi
1051 3743 1159 3778 maxume
1172 3744 1278 3780 comun-

157 3801 241 3856 οῖον,
260 3809 293 3844 ac
311 3808 469 3862 peromnem
490 3791 626 3845 aulicarum
640 3793 773 3847 mulierum
787 3795 902 3858 turbam,
920 3812 935 3847 a
955 3795 1106 3858 ulabautur3
1125 3802 1155 3852 ut
1170 3805 1198 3849 et
1212 3813 1278 3861 eam,

157 3867 189 3913 et
205 3879 254 3913 eoa
268 3878 365 3925 ornnea,
387 3862 432 3931 qui
447 3862 549 3914 adeam
568 3879 597 3913 ae
609 3862 794 3927 adiunxerant,
812 3864 979 3917 conciliarent
993 3864 1043 3917 eibi
1057 3864 1202 3917 adiutores:
1220 3869 1278 3917 erat

156 3929 233 3982 enim
254 3930 321 3999 ipaia
340 3929 660 4001 promptum„instigante
679 3932 744 3985 malo
762 3933 856 4001 genio,
874 3932 1058 3987 circumvenire
1077 3937 1104 3986 et
1118 3932 1278 3986 labefactare

157 3999 293 4052 hominum
312 4008 425 4053 meutea:
449 3999 589 4053 clanculum
603 4007 689 4053 autem
709 4000 760 4054 acri
780 4002 814 4054 tia
832 4001 963 4072 variisque
981 4003 1080 4056 artibus
1095 4002 1277 4057 Cantacuzeno

157 4067 308 4133 favebant,
326 4086 377 4138 quo
388 4067 512 4122 videlicet
526 4068 535 4120 i
555 4085 610 4121 auru
625 4087 726 4139 quoque
743 4019 778 4122 ai
794 4087 863 4123 nova
875 4071 995 4140 dogmata
1011 4071 1177 4141 elonginquo
1190 4072 1277 4125 trahe-

156 4145 223 4189 rent
244 4147 326 4207 atque
345 4139 494 4193 formarent.
529 4087 570 4192 lpta
588 4156 622 4191 ue
643 4145 671 4190 et
691 4138 866 4208 proditoribus
883 4157 987 4209 operam
1005 4140 1054 4210 ipsi
1069 4140 1277 4210 impensissimam

156 4207 306 4269 navabant,
321 4213 352 4260 ut
367 4207 563 4260 Cantacuzenua
572 4157 729 4277 ffiyzantium
743 4207 931 4276 ingrederetur.
967 4211 1052 4280 Atque
1065 4209 1103 4261 ita
1114 4227 1192 4279 porro
1205 4225 1278 4266 man-

156 4275 254 4344 cipata
267 4275 320 4328 eibi
337 4276 439 4345 penitus
451 4277 519 4329 illiue
533 4276 680 4339 voluntate,
696 4275 756 4329 leve
768 4277 818 4329 iaru
835 4296 892 4330 ease
903 4277 1038 4332 uidebatur
1051 4278 1176 4347 quidquid
1189 4278 1276 4329 abata-

155 4343 219 4410 bar,
238 4351 268 4400 et
282 4344 493 4399 Cautacuzeuum
506 4361 701 4416 quoquoversus
712 4362 759 4416 pro
772 4345 847 4399 libitu
863 4347 1023 4418 teneatque
1036 4362 1124 4414 agere,
1141 4350 1276 4415 postquam
