<?xml version="1.0" encoding="UTF-8"?>
<!DOCTYPE html PUBLIC "-//W3C//DTD XHTML 1.0 Transitional//EN"
    "http://www.w3.org/TR/xhtml1/DTD/xhtml1-transitional.dtd">
<html xmlns="http://www.w3.org/1999/xhtml" xml:lang="en" lang="en">
 <head>
  <title>
</title>
<meta http-equiv="Content-Type" content="text/html;charset=utf-8" />
  <meta name='ocr-system' content='tesseract 3.04.00' />
  <meta name='ocr-capabilities' content='ocr_page ocr_carea ocr_par ocr_line ocrx_word'/>
</head>
<body>
  <div class='ocr_page' id='page_1' title='image "./nicephorigregor05schogoog_0207.png"; bbox 0 0 2992 4792; ppageno 0'>
   <div class='ocr_carea' id='block_1_1' title="bbox 110 504 1423 2146">
    <p class='ocr_par' dir='ltr' id='par_1_1' title="bbox 110 504 1423 2146">
     <span class='ocr_line' id='line_1_1' title="bbox 152 504 1423 607; baseline 0.002 -32"><span class='ocrx_word' id='word_1_1' title='bbox 152 517 218 596; x_wconf 75' lang='grc' dir='ltr'>χιῶ</span> <span class='ocrx_word' id='word_1_2' title='bbox 230 510 283 574; x_wconf 77' lang='grc' dir='ltr'><strong><em>καί</em></strong></span> <span class='ocrx_word' id='word_1_3' title='bbox 296 504 460 595; x_wconf 68' lang='grc' dir='ltr'><strong><em>ταράττειν</em></strong></span> <span class='ocrx_word' id='word_1_4' title='bbox 474 509 531 596; x_wconf 72' lang='grc' dir='ltr'>τὴν</span> <span class='ocrx_word' id='word_1_5' title='bbox 544 516 601 577; x_wconf 75' lang='grc' dir='ltr'><strong><em>τοῦ</em></strong></span> <span class='ocrx_word' id='word_1_6' title='bbox 614 515 693 578; x_wconf 79' lang='grc' dir='ltr'><strong><em>θεοῦ</em></strong></span> <span class='ocrx_word' id='word_1_7' title='bbox 705 510 876 595; x_wconf 71' lang='grc' dir='ltr'><strong><em>ἐκκλησίαν.</em></strong></span> <span class='ocrx_word' id='word_1_8' title='bbox 920 511 987 607; x_wconf 80' lang='grc' dir='ltr'>(Γ.)</span> <span class='ocrx_word' id='word_1_9' title='bbox 1004 508 1135 581; x_wconf 85' lang='grc' dir='ltr'><strong><em>Διετέλει</em></strong></span> <span class='ocrx_word' id='word_1_10' title='bbox 1149 539 1182 600; x_wconf 82' lang='lat' dir='ltr'>ys</span> <span class='ocrx_word' id='word_1_11' title='bbox 1197 512 1258 601; x_wconf 80' lang='grc' dir='ltr'><strong><em>μῆν</em></strong></span> <span class='ocrx_word' id='word_1_12' title='bbox 1278 529 1305 578; x_wconf 74' lang='lat' dir='ltr'>a</span> <span class='ocrx_word' id='word_1_13' title='bbox 1314 529 1342 580; x_wconf 89' lang='lat' dir='ltr'>c.</span> <span class='ocrx_word' id='word_1_14' title='bbox 1357 523 1423 582; x_wconf 73' lang='lat' dir='ltr'>aaut</span> 
     </span>
     <span class='ocr_line' id='line_1_2' title="bbox 151 598 1423 718; baseline 0.006 -41"><span class='ocrx_word' id='word_1_15' title='bbox 151 607 315 704; x_wconf 73' lang='grc' dir='ltr'><strong><em>ἧτοιαάτη</em></strong></span> <span class='ocrx_word' id='word_1_16' title='bbox 330 612 404 700; x_wconf 78' lang='grc' dir='ltr'><strong><em>παρ’</em></strong></span> <span class='ocrx_word' id='word_1_17' title='bbox 420 613 605 700; x_wconf 69' lang='grc' dir='ltr'><strong><em>ἀμφοτέροις</em></strong></span> <span class='ocrx_word' id='word_1_18' title='bbox 618 611 798 697; x_wconf 78' lang='grc' dir='ltr'><em>ἀκμάζουσα</em></span> <span class='ocrx_word' id='word_1_19' title='bbox 812 612 969 702; x_wconf 84' lang='grc' dir='ltr'><strong><em>σάμπνοια</em></strong></span> <span class='ocrx_word' id='word_1_20' title='bbox 983 619 1034 684; x_wconf 75' lang='grc' dir='ltr'><strong><em>καὶ</em></strong></span> <span class='ocrx_word' id='word_1_21' title='bbox 1048 599 1319 717; x_wconf 52' lang='grc' dir='ltr'><strong><em>ὅμοφροσάνηέωξ·</em></strong></span> <span class='ocrx_word' id='word_1_22' title='bbox 1331 599 1364 715; x_wconf 56' lang='grc' dir='ltr'>1ζί</span> <span class='ocrx_word' id='word_1_23' title='bbox 1372 598 1423 718; x_wconf 56' lang='lat' dir='ltr'>gss&#39;</span> 
     </span>
     <span class='ocr_line' id='line_1_3' title="bbox 150 682 1364 809; baseline 0.004 -26"><span class='ocrx_word' id='word_1_24' title='bbox 150 723 196 807; x_wconf 75' lang='grc' dir='ltr'><strong><em>τῷ</em></strong></span> <span class='ocrx_word' id='word_1_25' title='bbox 209 741 243 783; x_wconf 80' lang='grc' dir='ltr'><strong><em>τι</em></strong></span> <span class='ocrx_word' id='word_1_26' title='bbox 257 711 435 804; x_wconf 79' lang='grc' dir='ltr'><strong><em>πατριάρχη</em></strong></span> <span class='ocrx_word' id='word_1_27' title='bbox 453 716 572 803; x_wconf 82' lang='grc' dir='ltr'><strong><em>δηλαδὴ</em></strong></span> <span class='ocrx_word' id='word_1_28' title='bbox 590 719 642 783; x_wconf 80' lang='grc' dir='ltr'><strong><em>καί</em></strong></span> <span class='ocrx_word' id='word_1_29' title='bbox 663 724 716 805; x_wconf 79' lang='grc' dir='ltr'><strong><em>τῇ·</em></strong></span> <span class='ocrx_word' id='word_1_30' title='bbox 721 720 860 800; x_wconf 82' lang='grc' dir='ltr'><strong><em>βασιλίδι</em></strong></span> <span class='ocrx_word' id='word_1_31' title='bbox 866 767 877 800; x_wconf 91' lang='grc'><strong><em>,</em></strong></span> <span class='ocrx_word' id='word_1_32' title='bbox 899 721 972 808; x_wconf 73' lang='grc' dir='ltr'><strong><em>πρὶν</em></strong></span> <span class='ocrx_word' id='word_1_33' title='bbox 994 715 1048 787; x_wconf 70' lang='grc' dir='ltr'>δι”</span> <span class='ocrx_word' id='word_1_34' title='bbox 1059 720 1206 808; x_wconf 79' lang='grc' dir='ltr'><strong><em>ἀκριβοῦς</em></strong></span> <span class='ocrx_word' id='word_1_35' title='bbox 1225 747 1256 809; x_wconf 87' lang='grc' dir='ltr'>γε</span> <span class='ocrx_word' id='word_1_36' title='bbox 1264 682 1364 789; x_wconf 49' lang='lat' dir='ltr'>Papam.</span> 
     </span>
     <span class='ocr_line' id='line_1_4' title="bbox 148 815 1367 911; baseline 0.002 -25"><span class='ocrx_word' id='word_1_37' title='bbox 148 828 208 904; x_wconf 75' lang='grc' dir='ltr'><strong><em>τῆς</em></strong></span> <span class='ocrx_word' id='word_1_38' title='bbox 223 820 334 905; x_wconf 78' lang='grc' dir='ltr'><strong><em>πείρας</em></strong></span> <span class='ocrx_word' id='word_1_39' title='bbox 349 815 523 905; x_wconf 72' lang='grc' dir='ltr'><em>ἀπογνόντα</em></span> <span class='ocrx_word' id='word_1_40' title='bbox 538 821 599 887; x_wconf 85' lang='grc' dir='ltr'><strong><em>τδν·</em></strong></span> <span class='ocrx_word' id='word_1_41' title='bbox 616 817 810 906; x_wconf 87' lang='grc' dir='ltr'><strong><em>πατριάρχην</em></strong></span> <span class='ocrx_word' id='word_1_42' title='bbox 826 828 885 908; x_wconf 82' lang='grc' dir='ltr'><strong><em>τῆς</em></strong></span> <span class='ocrx_word' id='word_1_43' title='bbox 896 829 960 888; x_wconf 89' lang='grc' dir='ltr'>τῶν</span> <span class='ocrx_word' id='word_1_44' title='bbox 981 821 1091 890; x_wconf 88' lang='grc' dir='ltr'><strong><em>κοινῶν</em></strong></span> <span class='ocrx_word' id='word_1_45' title='bbox 1106 826 1261 911; x_wconf 85' lang='grc' dir='ltr'><strong><em>σωτηρίας</em></strong></span> <span class='ocrx_word' id='word_1_46' title='bbox 1364 885 1367 888; x_wconf 84' lang='grc'><strong><em>,</em></strong></span> 
     </span>
     <span class='ocr_line' id='line_1_5' title="bbox 129 919 1261 1012; baseline 0.005 -25"><span class='ocrx_word' id='word_1_47' title='bbox 129 919 347 1009; x_wconf 82' lang='grc' dir='ltr'><strong><em>5πραγμάτιον</em></strong></span> <span class='ocrx_word' id='word_1_48' title='bbox 368 921 527 1009; x_wconf 73' lang='grc' dir='ltr'><strong><em>ἄρξασθαι</em></strong></span> <span class='ocrx_word' id='word_1_49' title='bbox 556 935 714 1008; x_wconf 81' lang='grc' dir='ltr'><strong><em>παραινεῖν</em></strong></span> <span class='ocrx_word' id='word_1_50' title='bbox 738 923 818 1012; x_wconf 75' lang='grc' dir='ltr'><strong><em>αὐτῇ</em></strong></span> <span class='ocrx_word' id='word_1_51' title='bbox 841 924 881 992; x_wconf 87' lang='grc' dir='ltr'><strong><em>τοὶ</em></strong></span> <span class='ocrx_word' id='word_1_52' title='bbox 898 927 1094 1008; x_wconf 73' lang='grc' dir='ltr'><strong><em>συνοίσοντα,</em></strong></span> <span class='ocrx_word' id='word_1_53' title='bbox 1120 929 1170 992; x_wconf 81' lang='grc' dir='ltr'><strong><em>καὶ</em></strong></span> <span class='ocrx_word' id='word_1_54' title='bbox 1182 935 1261 1011; x_wconf 56' lang='grc' dir='ltr'><strong><em>βου.</em></strong></span> 
     </span>
     <span class='ocr_line' id='line_1_6' title="bbox 150 1027 1260 1117; baseline 0.005 -25"><span class='ocrx_word' id='word_1_55' title='bbox 150 1027 264 1110; x_wconf 54' lang='lat' dir='ltr'>amns</span> <span class='ocrx_word' id='word_1_56' title='bbox 288 1028 504 1093; x_wconf 67' lang='grc' dir='ltr'><strong><em>καθίστασθαι</em></strong></span> <span class='ocrx_word' id='word_1_57' title='bbox 531 1031 599 1114; x_wconf 77' lang='grc' dir='ltr'>περὶ</span> <span class='ocrx_word' id='word_1_58' title='bbox 625 1031 823 1114; x_wconf 84' lang='grc' dir='ltr'><strong><em>ξυναλλαγῶν</em></strong></span> <span class='ocrx_word' id='word_1_59' title='bbox 844 1030 896 1096; x_wconf 74' lang='grc' dir='ltr'><strong><em>καί</em></strong></span> <span class='ocrx_word' id='word_1_60' title='bbox 928 1033 1070 1097; x_wconf 75' lang='grc' dir='ltr'><strong><em>σπονδῶν</em></strong></span> <span class='ocrx_word' id='word_1_61' title='bbox 1099 1029 1178 1117; x_wconf 85' lang='grc' dir='ltr'><strong><em>πρὸς</em></strong></span> <span class='ocrx_word' id='word_1_62' title='bbox 1205 1032 1260 1098; x_wconf 87' lang='grc' dir='ltr'>τδν</span> 
     </span>
     <span class='ocr_line' id='line_1_7' title="bbox 149 1122 1355 1219; baseline 0.004 -23"><span class='ocrx_word' id='word_1_63' title='bbox 149 1125 422 1212; x_wconf 78' lang='grc' dir='ltr'><strong><em>Καντακουζηνόν,</em></strong></span> <span class='ocrx_word' id='word_1_64' title='bbox 449 1128 511 1216; x_wconf 76' lang='grc' dir='ltr'>ἀφ’</span> <span class='ocrx_word' id='word_1_65' title='bbox 536 1122 574 1196; x_wconf 73' lang='grc' dir='ltr'>οὗ</span> <span class='ocrx_word' id='word_1_66' title='bbox 600 1132 635 1197; x_wconf 78' lang='grc' dir='ltr'>δέ</span> <span class='ocrx_word' id='word_1_67' title='bbox 656 1128 805 1215; x_wconf 76' lang='grc' dir='ltr'><strong><em>τοιαύτην</em></strong></span> <span class='ocrx_word' id='word_1_68' title='bbox 833 1130 908 1217; x_wconf 74' lang='grc' dir='ltr'><strong><em>έγνον</em></strong></span> <span class='ocrx_word' id='word_1_69' title='bbox 939 1134 1097 1219; x_wconf 86' lang='grc' dir='ltr'><strong><em>συμφέρον</em></strong></span> <span class='ocrx_word' id='word_1_70' title='bbox 1122 1136 1355 1216; x_wconf 63' lang='grc' dir='ltr'><strong><em>βαδίζειννθθῖ</em></strong></span> 
     </span>
     <span class='ocr_line' id='line_1_8' title="bbox 154 1229 1288 1320; baseline 0.002 -20"><span class='ocrx_word' id='word_1_71' title='bbox 154 1229 249 1311; x_wconf 70' lang='lat' dir='ltr'>datr,</span> <span class='ocrx_word' id='word_1_72' title='bbox 274 1238 466 1316; x_wconf 77' lang='grc' dir='ltr'><strong><em>παραχρῆμα</em></strong></span> <span class='ocrx_word' id='word_1_73' title='bbox 487 1233 569 1299; x_wconf 69' lang='grc' dir='ltr'><strong><em>καθ’</em></strong></span> <span class='ocrx_word' id='word_1_74' title='bbox 591 1230 705 1299; x_wconf 68' lang='grc' dir='ltr'><strong><em>ἑαυτοῦ</em></strong></span> <span class='ocrx_word' id='word_1_75' title='bbox 730 1237 782 1299; x_wconf 80' lang='grc' dir='ltr'><strong><em>καὶ</em></strong></span> <span class='ocrx_word' id='word_1_76' title='bbox 803 1235 861 1319; x_wconf 73' lang='grc' dir='ltr'>τὴν</span> <span class='ocrx_word' id='word_1_77' title='bbox 879 1240 1027 1318; x_wconf 75' lang='grc' dir='ltr'><strong><em>βασιλίδα</em></strong></span> <span class='ocrx_word' id='word_1_78' title='bbox 1048 1236 1181 1320; x_wconf 78' lang='grc' dir='ltr'><strong><em>ίξίμηνι.</em></strong></span> <span class='ocrx_word' id='word_1_79' title='bbox 1208 1240 1288 1302; x_wconf 77' lang='grc' dir='ltr'>καίΒ</span> 
     </span>
     <span class='ocr_line' id='line_1_9' title="bbox 152 1327 1257 1426; baseline 0.003 -25"><span class='ocrx_word' id='word_1_80' title='bbox 152 1335 243 1401; x_wconf 73' lang='grc' dir='ltr'><strong><em>τοῦτ’</em></strong></span> <span class='ocrx_word' id='word_1_81' title='bbox 259 1327 299 1419; x_wconf 79' lang='grc' dir='ltr'><strong><em>ἦν</em></strong></span> <span class='ocrx_word' id='word_1_82' title='bbox 313 1333 393 1420; x_wconf 77' lang='grc' dir='ltr'>άρχῆ</span> <span class='ocrx_word' id='word_1_83' title='bbox 407 1336 458 1400; x_wconf 80' lang='grc' dir='ltr'><strong><em>καί</em></strong></span> <span class='ocrx_word' id='word_1_84' title='bbox 475 1334 642 1414; x_wconf 87' lang='grc' dir='ltr'><strong><em>κατάλυσις</em></strong></span> <span class='ocrx_word' id='word_1_85' title='bbox 654 1333 761 1424; x_wconf 88' lang='grc' dir='ltr'><strong><em>πρῶτη</em></strong></span> <span class='ocrx_word' id='word_1_86' title='bbox 776 1339 948 1422; x_wconf 84' lang='grc' dir='ltr'><strong><em>συμπνοίας</em></strong></span> <span class='ocrx_word' id='word_1_87' title='bbox 964 1358 997 1405; x_wconf 83' lang='grc' dir='ltr'><strong><em>τε</em></strong></span> <span class='ocrx_word' id='word_1_88' title='bbox 1012 1342 1065 1405; x_wconf 76' lang='grc' dir='ltr'><strong><em>καὶ</em></strong></span> <span class='ocrx_word' id='word_1_89' title='bbox 1077 1335 1257 1426; x_wconf 82' lang='grc' dir='ltr'><strong><em>δμοφροσά-</em></strong></span> 
     </span>
     <span class='ocr_line' id='line_1_10' title="bbox 111 1435 1259 1527; baseline 0.004 -24"><span class='ocrx_word' id='word_1_90' title='bbox 111 1454 209 1523; x_wconf 66' lang='lat' dir='ltr'>torna</span> <span class='ocrx_word' id='word_1_91' title='bbox 229 1439 364 1523; x_wconf 84' lang='grc' dir='ltr'><strong><em>έκείνης,</em></strong></span> <span class='ocrx_word' id='word_1_92' title='bbox 390 1441 441 1503; x_wconf 76' lang='grc' dir='ltr'><strong><em>καὶ</em></strong></span> <span class='ocrx_word' id='word_1_93' title='bbox 465 1435 606 1523; x_wconf 88' lang='grc' dir='ltr'><strong><em>νόσημα,</em></strong></span> <span class='ocrx_word' id='word_1_94' title='bbox 635 1438 714 1525; x_wconf 79' lang='grc' dir='ltr'><strong><em>μήτε</em></strong></span> <span class='ocrx_word' id='word_1_95' title='bbox 733 1438 883 1527; x_wconf 79' lang='grc' dir='ltr'><strong><em>μάλαγμα</em></strong></span> <span class='ocrx_word' id='word_1_96' title='bbox 905 1443 1002 1525; x_wconf 69' lang='grc' dir='ltr'><strong><em>μηδὲν</em></strong></span> <span class='ocrx_word' id='word_1_97' title='bbox 1023 1438 1102 1527; x_wconf 77' lang='grc' dir='ltr'><strong><em>μήτε</em></strong></span> <span class='ocrx_word' id='word_1_98' title='bbox 1125 1443 1259 1508; x_wconf 84' lang='grc' dir='ltr'><strong><em>καταδί-</em></strong></span> 
     </span>
     <span class='ocr_line' id='line_1_11' title="bbox 151 1537 1258 1631; baseline 0.001 -23"><span class='ocrx_word' id='word_1_99' title='bbox 151 1565 253 1624; x_wconf 87' lang='grc' dir='ltr'><strong><em>σμους</em></strong></span> <span class='ocrx_word' id='word_1_100' title='bbox 267 1540 395 1617; x_wconf 72' lang='grc' dir='ltr'><strong><em>οὐδένας</em></strong></span> <span class='ocrx_word' id='word_1_101' title='bbox 416 1539 673 1628; x_wconf 85' lang='grc' dir='ltr'><strong><em>παραδεχόμενον.</em></strong></span> <span class='ocrx_word' id='word_1_102' title='bbox 700 1549 805 1611; x_wconf 84' lang='grc' dir='ltr'><strong><em>πᾶσαν</em></strong></span> <span class='ocrx_word' id='word_1_103' title='bbox 823 1544 881 1629; x_wconf 79' lang='grc' dir='ltr'><strong><em>μέν</em></strong></span> <span class='ocrx_word' id='word_1_104' title='bbox 897 1537 952 1612; x_wconf 74' lang='grc' dir='ltr'><strong><em>οὖν</em></strong></span> <span class='ocrx_word' id='word_1_105' title='bbox 967 1546 1083 1611; x_wconf 74' lang='grc' dir='ltr'><strong><em>ἐκεῖθεν</em></strong></span> <span class='ocrx_word' id='word_1_106' title='bbox 1100 1540 1121 1631; x_wconf 79' lang='grc' dir='ltr'><strong><em>ἦ</em></strong></span> <span class='ocrx_word' id='word_1_107' title='bbox 1135 1548 1258 1628; x_wconf 77' lang='grc' dir='ltr'><strong><em>βασιλὶς</em></strong></span> 
     </span>
     <span class='ocr_line' id='line_1_12' title="bbox 152 1644 1258 1734; baseline 0.003 -23"><span class='ocrx_word' id='word_1_108' title='bbox 152 1646 290 1712; x_wconf 68' lang='grc' dir='ltr'><strong><em>ἐπίνοιαν</em></strong></span> <span class='ocrx_word' id='word_1_109' title='bbox 304 1644 481 1731; x_wconf 86' lang='grc' dir='ltr'><strong><em>στρέφουσα</em></strong></span> <span class='ocrx_word' id='word_1_110' title='bbox 498 1646 578 1712; x_wconf 86' lang='grc' dir='ltr'><strong><em>κατά</em></strong></span> <span class='ocrx_word' id='word_1_111' title='bbox 592 1654 650 1731; x_wconf 80' lang='grc' dir='ltr'><strong><em>τῆς</em></strong></span> <span class='ocrx_word' id='word_1_112' title='bbox 666 1654 723 1713; x_wconf 79' lang='grc' dir='ltr'><strong><em>τοῦ</em></strong></span> <span class='ocrx_word' id='word_1_113' title='bbox 740 1645 934 1734; x_wconf 80' lang='grc' dir='ltr'><strong><em>πατριάρχου</em></strong></span> <span class='ocrx_word' id='word_1_114' title='bbox 955 1649 1182 1733; x_wconf 84' lang='grc' dir='ltr'><strong><em>καθαιρέσεως,</em></strong></span> <span class='ocrx_word' id='word_1_115' title='bbox 1206 1651 1258 1714; x_wconf 82' lang='grc' dir='ltr'><strong><em>καλ</em></strong></span> 
     </span>
     <span class='ocr_line' id='line_1_13' title="bbox 154 1744 1257 1836; baseline 0.005 -24"><span class='ocrx_word' id='word_1_116' title='bbox 154 1745 278 1822; x_wconf 83' lang='grc' dir='ltr'><strong><em>πάντας</em></strong></span> <span class='ocrx_word' id='word_1_117' title='bbox 290 1747 342 1834; x_wconf 72' lang='grc' dir='ltr'>ἔφ’</span> <span class='ocrx_word' id='word_1_118' title='bbox 358 1744 470 1832; x_wconf 70' lang='grc' dir='ltr'><strong><em>ἑαυτῆς</em></strong></span> <span class='ocrx_word' id='word_1_119' title='bbox 483 1748 631 1815; x_wconf 87' lang='grc' dir='ltr'><strong><em>κυλίουσά</em></strong></span> <span class='ocrx_word' id='word_1_120' title='bbox 650 1775 683 1816; x_wconf 87' lang='grc' dir='ltr'><strong><em>τε</em></strong></span> <span class='ocrx_word' id='word_1_121' title='bbox 697 1753 748 1816; x_wconf 83' lang='grc' dir='ltr'><strong><em>καλ</em></strong></span> <span class='ocrx_word' id='word_1_122' title='bbox 767 1750 983 1816; x_wconf 84' lang='grc' dir='ltr'><strong><em>άνακυκλοῶσα</em></strong></span> <span class='ocrx_word' id='word_1_123' title='bbox 997 1750 1172 1836; x_wconf 84' lang='grc' dir='ltr'><strong><em>λογισμοδς,</em></strong></span> <span class='ocrx_word' id='word_1_124' title='bbox 1202 1751 1257 1817; x_wconf 78' lang='grc' dir='ltr'>οὔ·</span> 
     </span>
     <span class='ocr_line' id='line_1_14' title="bbox 156 1847 1325 1939; baseline 0.007 -24"><span class='ocrx_word' id='word_1_125' title='bbox 156 1851 210 1916; x_wconf 79' lang='grc' dir='ltr'><strong><em>δέν</em></strong></span> <span class='ocrx_word' id='word_1_126' title='bbox 230 1847 452 1936; x_wconf 75' lang='grc' dir='ltr'><strong><em>ἄνυσιμάτερον</em></strong></span> <span class='ocrx_word' id='word_1_127' title='bbox 471 1850 607 1935; x_wconf 72' lang='grc' dir='ltr'><strong><em>εὕρισκεν</em></strong></span> <span class='ocrx_word' id='word_1_128' title='bbox 629 1853 661 1928; x_wconf 78' lang='grc' dir='ltr'>ές</span> <span class='ocrx_word' id='word_1_129' title='bbox 681 1852 738 1937; x_wconf 84' lang='grc' dir='ltr'>τὴν</span> <span class='ocrx_word' id='word_1_130' title='bbox 756 1850 903 1937; x_wconf 88' lang='grc' dir='ltr'><strong><em>τοιαάτην</em></strong></span> <span class='ocrx_word' id='word_1_131' title='bbox 915 1849 1067 1939; x_wconf 83' lang='grc' dir='ltr'><strong><em>πρόθεσιν</em></strong></span> <span class='ocrx_word' id='word_1_132' title='bbox 1073 1903 1084 1934; x_wconf 94' lang='grc'><strong><em>,</em></strong></span> <span class='ocrx_word' id='word_1_133' title='bbox 1106 1852 1186 1938; x_wconf 81' lang='grc' dir='ltr'><strong><em>πλὴν</em></strong></span> <span class='ocrx_word' id='word_1_134' title='bbox 1201 1860 1257 1919; x_wconf 80' lang='grc' dir='ltr'><strong><em>τοῦ</em></strong></span> <span class='ocrx_word' id='word_1_135' title='bbox 1314 1900 1325 1923; x_wconf 62' lang='grc' dir='ltr'><strong><em>ι</em></strong></span> 
     </span>
     <span class='ocr_line' id='line_1_15' title="bbox 110 1946 1282 2044; baseline 0.007 -27"><span class='ocrx_word' id='word_1_136' title='bbox 110 1949 320 2035; x_wconf 80' lang='grc' dir='ltr'><strong><em>15δογμάτιυν</em></strong></span> <span class='ocrx_word' id='word_1_137' title='bbox 336 1954 454 2019; x_wconf 74' lang='grc' dir='ltr'><strong><em>ἐκείνων</em></strong></span> <span class='ocrx_word' id='word_1_138' title='bbox 460 2003 472 2035; x_wconf 90' lang='grc'><strong><em>,</em></strong></span> <span class='ocrx_word' id='word_1_139' title='bbox 495 1946 538 2021; x_wconf 80' lang='grc' dir='ltr'><strong><em>ὧν</em></strong></span> <span class='ocrx_word' id='word_1_140' title='bbox 559 1956 593 2033; x_wconf 73' lang='grc' dir='ltr'>ἐξ</span> <span class='ocrx_word' id='word_1_141' title='bbox 616 1955 691 2040; x_wconf 82' lang='grc' dir='ltr'><strong><em>ὅλης</em></strong></span> <span class='ocrx_word' id='word_1_142' title='bbox 711 1956 884 2022; x_wconf 81' lang='grc' dir='ltr'><strong><em>άπεωθιΐτο</em></strong></span> <span class='ocrx_word' id='word_1_143' title='bbox 906 1952 1055 2044; x_wconf 86' lang='grc' dir='ltr'><strong><em>πρότερον</em></strong></span> <span class='ocrx_word' id='word_1_144' title='bbox 1067 1962 1124 2040; x_wconf 84' lang='grc' dir='ltr'><strong><em>τῆς</em></strong></span> <span class='ocrx_word' id='word_1_145' title='bbox 1137 1962 1282 2041; x_wconf 53' lang='grc' dir='ltr'>ψυχῇσί)</span> 
     </span>
     <span class='ocr_line' id='line_1_16' title="bbox 151 2054 1258 2146; baseline 0.002 -25"><span class='ocrx_word' id='word_1_146' title='bbox 151 2057 204 2121; x_wconf 72' lang='grc' dir='ltr'><strong><em>καὶ</em></strong></span> <span class='ocrx_word' id='word_1_147' title='bbox 220 2054 370 2139; x_wconf 82' lang='grc' dir='ltr'><strong><em>άθέσμιον</em></strong></span> <span class='ocrx_word' id='word_1_148' title='bbox 393 2062 505 2144; x_wconf 81' lang='grc' dir='ltr'><strong><em>φανῶν</em></strong></span> <span class='ocrx_word' id='word_1_149' title='bbox 524 2068 591 2134; x_wconf 81' lang='grc' dir='ltr'><strong><em>τοῖς</em></strong></span> <span class='ocrx_word' id='word_1_150' title='bbox 611 2061 680 2146; x_wconf 79' lang='grc' dir='ltr'><strong><em>περὶ</em></strong></span> <span class='ocrx_word' id='word_1_151' title='bbox 704 2059 760 2125; x_wconf 90' lang='grc' dir='ltr'>τδν</span> <span class='ocrx_word' id='word_1_152' title='bbox 778 2063 941 2142; x_wconf 85' lang='grc' dir='ltr'><strong><em>Παλαμῶν</em></strong></span> <span class='ocrx_word' id='word_1_153' title='bbox 962 2056 1175 2144; x_wconf 81' lang='grc' dir='ltr'><strong><em>κοινωνήσασα</em></strong></span> <span class='ocrx_word' id='word_1_154' title='bbox 1204 2061 1258 2146; x_wconf 84' lang='grc' dir='ltr'>φί-</span> 
     </span>
    </p>
   </div>
   <div class='ocr_carea' id='block_1_2' title="bbox 25 317 1257 421">
    <p class='ocr_par' dir='ltr' id='par_1_2' title="bbox 25 181 1257 462">
     <span class='ocr_line' id='line_1_17' title="bbox 25 317 1257 421; baseline -0.002 -8"><span class='ocrx_word' id='word_1_155' title='bbox 25 317 30 400; x_wconf 73' lang='lat' dir='ltr'>i</span> <span class='ocrx_word' id='word_1_156' title='bbox 324 379 326 390; x_wconf 69' lang='lat'><em>,</em></span> <span class='ocrx_word' id='word_1_157' title='bbox 363 335 604 417; x_wconf 75' lang='lat' dir='ltr'>ursaontaa</span> <span class='ocrx_word' id='word_1_158' title='bbox 624 345 904 416; x_wconf 73' lang='grc' dir='ltr'><strong><em>οτοιατανκσ</em></strong></span> <span class='ocrx_word' id='word_1_159' title='bbox 924 346 996 418; x_wconf 87' lang='lat' dir='ltr'>xv.</span> <span class='ocrx_word' id='word_1_160' title='bbox 1017 333 1064 421; x_wconf 79' lang='lat' dir='ltr'>a·</span> <span class='ocrx_word' id='word_1_161' title='bbox 1184 342 1257 412; x_wconf 76' lang='lat' dir='ltr'>aar</span> 
     </span>
    </p>
   </div>
   <div class='ocr_carea' id='block_1_3' title="bbox 148 2156 1257 2355">
    <p class='ocr_par' dir='ltr' id='par_1_3' title="bbox 148 2156 1257 2355">
     <span class='ocr_line' id='line_1_18' title="bbox 150 2156 1257 2249; baseline 0.004 -25"><span class='ocrx_word' id='word_1_162' title='bbox 150 2165 226 2237; x_wconf 76' lang='grc' dir='ltr'><strong><em>λους</em></strong></span> <span class='ocrx_word' id='word_1_163' title='bbox 246 2156 348 2248; x_wconf 66' lang='grc' dir='ltr'><strong><em>’ἑαυτῇ</em></strong></span> <span class='ocrx_word' id='word_1_164' title='bbox 375 2157 654 2245; x_wconf 78' lang='grc' dir='ltr'><strong><em>καταστήσασθαι,</em></strong></span> <span class='ocrx_word' id='word_1_165' title='bbox 683 2164 735 2227; x_wconf 83' lang='grc' dir='ltr'><strong><em>καλ</em></strong></span> <span class='ocrx_word' id='word_1_166' title='bbox 763 2158 937 2246; x_wconf 79' lang='grc' dir='ltr'><strong><em>συμμάχοις</em></strong></span> <span class='ocrx_word' id='word_1_167' title='bbox 960 2163 1048 2249; x_wconf 86' lang='grc' dir='ltr'><strong><em>σφίσι</em></strong></span> <span class='ocrx_word' id='word_1_168' title='bbox 1072 2158 1257 2249; x_wconf 84' lang='grc' dir='ltr'><strong><em>χρήσασθαι</em></strong></span> 
     </span>
     <span class='ocr_line' id='line_1_19' title="bbox 148 2257 1256 2355; baseline 0.001 -25"><span class='ocrx_word' id='word_1_169' title='bbox 148 2262 354 2349; x_wconf 77' lang='grc' dir='ltr'><strong><em>θερμοτέροις</em></strong></span> <span class='ocrx_word' id='word_1_170' title='bbox 368 2263 440 2329; x_wconf 73' lang='grc' dir='ltr'><strong><em>κατ’</em></strong></span> <span class='ocrx_word' id='word_1_171' title='bbox 459 2263 565 2332; x_wconf 78' lang='grc' dir='ltr'><strong><em>αὐτοῦ.</em></strong></span> <span class='ocrx_word' id='word_1_172' title='bbox 612 2263 684 2355; x_wconf 85' lang='grc' dir='ltr'>(Δ.)</span> <span class='ocrx_word' id='word_1_173' title='bbox 710 2270 847 2353; x_wconf 90' lang='grc' dir='ltr'><strong><em>Πρῶτον</em></strong></span> <span class='ocrx_word' id='word_1_174' title='bbox 858 2266 916 2349; x_wconf 77' lang='grc' dir='ltr'><strong><em>μέν</em></strong></span> <span class='ocrx_word' id='word_1_175' title='bbox 929 2257 985 2331; x_wconf 82' lang='grc' dir='ltr'><strong><em>οδν</em></strong></span> <span class='ocrx_word' id='word_1_176' title='bbox 1003 2263 1152 2352; x_wconf 87' lang='grc' dir='ltr'><strong><em>άπρόϊτον</em></strong></span> <span class='ocrx_word' id='word_1_177' title='bbox 1168 2262 1210 2343; x_wconf 87' lang='grc' dir='ltr'>ῶς</span> <span class='ocrx_word' id='word_1_178' title='bbox 1222 2267 1256 2331; x_wconf 80' lang='grc' dir='ltr'><strong><em>έν</em></strong></span> 
     </span>
    </p>
   </div>
   <div class='ocr_carea' id='block_1_4' title="bbox 105 2365 1288 2971">
    <p class='ocr_par' dir='ltr' id='par_1_4' title="bbox 105 2365 1288 2971">
     <span class='ocr_line' id='line_1_20' title="bbox 149 2365 1255 2458; baseline 0.002 -25"><span class='ocrx_word' id='word_1_179' title='bbox 149 2365 253 2454; x_wconf 72' lang='grc' dir='ltr'><strong><em>εἱρκτῇ</em></strong></span> <span class='ocrx_word' id='word_1_180' title='bbox 275 2372 321 2455; x_wconf 78' lang='grc' dir='ltr'><strong><em>τῷ</em></strong></span> <span class='ocrx_word' id='word_1_181' title='bbox 342 2365 417 2458; x_wconf 72' lang='grc' dir='ltr'><strong><em>οἴκῳ</em></strong></span> <span class='ocrx_word' id='word_1_182' title='bbox 441 2372 670 2453; x_wconf 75' lang='grc' dir='ltr'><strong><em>συγκεκλεῖσθαι</em></strong></span> <span class='ocrx_word' id='word_1_183' title='bbox 694 2375 808 2435; x_wconf 82' lang='grc' dir='ltr'><strong><em>τοῦτον</em></strong></span> <span class='ocrx_word' id='word_1_184' title='bbox 829 2368 1009 2436; x_wconf 73' lang='grc' dir='ltr'><strong><em>ἐπέταττεν·</em></strong></span> <span class='ocrx_word' id='word_1_185' title='bbox 1036 2367 1139 2436; x_wconf 65' lang='grc' dir='ltr'><strong><em>ἔπειτα</em></strong></span> <span class='ocrx_word' id='word_1_186' title='bbox 1161 2366 1255 2435; x_wconf 87' lang='grc' dir='ltr'><strong><em>συνά-</em></strong></span> 
     </span>
     <span class='ocr_line' id='line_1_21' title="bbox 105 2465 1255 2560; baseline 0.002 -23"><span class='ocrx_word' id='word_1_187' title='bbox 105 2471 225 2546; x_wconf 63' lang='lat' dir='ltr'>wdone</span> <span class='ocrx_word' id='word_1_188' title='bbox 239 2465 414 2535; x_wconf 82' lang='grc' dir='ltr'><strong><em>έπισκάιιιον</em></strong></span> <span class='ocrx_word' id='word_1_189' title='bbox 436 2467 555 2558; x_wconf 84' lang='grc' dir='ltr'><strong><em>νάκτοιρ</em></strong></span> <span class='ocrx_word' id='word_1_190' title='bbox 574 2474 624 2537; x_wconf 77' lang='grc' dir='ltr'><strong><em>καί</em></strong></span> <span class='ocrx_word' id='word_1_191' title='bbox 646 2471 727 2556; x_wconf 80' lang='grc' dir='ltr'><strong><em>μεθ’</em></strong></span> <span class='ocrx_word' id='word_1_192' title='bbox 748 2469 867 2558; x_wconf 73' lang='grc' dir='ltr'><strong><em>ἡμέραν</em></strong></span> <span class='ocrx_word' id='word_1_193' title='bbox 888 2470 1019 2560; x_wconf 80' lang='grc' dir='ltr'><strong><em>ἤθροιζέ</em></strong></span> <span class='ocrx_word' id='word_1_194' title='bbox 1031 2497 1064 2537; x_wconf 81' lang='grc' dir='ltr'><strong><em>τε</em></strong></span> <span class='ocrx_word' id='word_1_195' title='bbox 1082 2474 1134 2538; x_wconf 77' lang='grc' dir='ltr'><strong><em>καὶ</em></strong></span> <span class='ocrx_word' id='word_1_196' title='bbox 1148 2470 1255 2552; x_wconf 80' lang='grc' dir='ltr'><strong><em>ὥπλιζε</em></strong></span> 
     </span>
     <span class='ocr_line' id='line_1_22' title="bbox 148 2571 1288 2663; baseline 0.003 -25"><span class='ocrx_word' id='word_1_197' title='bbox 148 2572 225 2638; x_wconf 72' lang='grc' dir='ltr'><strong><em>κατ’</em></strong></span> <span class='ocrx_word' id='word_1_198' title='bbox 243 2571 351 2638; x_wconf 72' lang='grc' dir='ltr'><strong><em>αὐτοῦ.</em></strong></span> <span class='ocrx_word' id='word_1_199' title='bbox 380 2571 436 2657; x_wconf 73' lang='grc' dir='ltr'>τὴν</span> <span class='ocrx_word' id='word_1_200' title='bbox 452 2580 526 2659; x_wconf 81' lang='grc' dir='ltr'><strong><em>γοῦν</em></strong></span> <span class='ocrx_word' id='word_1_201' title='bbox 547 2571 713 2662; x_wconf 72' lang='grc' dir='ltr'><strong><em>ὑστεραίαν</em></strong></span> <span class='ocrx_word' id='word_1_202' title='bbox 729 2572 895 2663; x_wconf 84' lang='grc' dir='ltr'><strong><em>δρισαμένη</em></strong></span> <span class='ocrx_word' id='word_1_203' title='bbox 914 2576 991 2642; x_wconf 80' lang='grc' dir='ltr'><strong><em>ποτέ</em></strong></span> <span class='ocrx_word' id='word_1_204' title='bbox 1011 2574 1091 2661; x_wconf 84' lang='grc' dir='ltr'><strong><em>πρὸς</em></strong></span> <span class='ocrx_word' id='word_1_205' title='bbox 1106 2573 1164 2661; x_wconf 76' lang='grc' dir='ltr'>τὴν</span> <span class='ocrx_word' id='word_1_206' title='bbox 1179 2576 1288 2641; x_wconf 75' lang='grc' dir='ltr'><strong><em>ἐκεί-Ι)</em></strong></span> 
     </span>
     <span class='ocr_line' id='line_1_23' title="bbox 147 2674 1257 2764; baseline -0.002 -21"><span class='ocrx_word' id='word_1_207' title='bbox 147 2702 204 2743; x_wconf 81' lang='grc' dir='ltr'>κου</span> <span class='ocrx_word' id='word_1_208' title='bbox 233 2678 416 2759; x_wconf 83' lang='grc' dir='ltr'><strong><em>καθαίρεσιν</em></strong></span> <span class='ocrx_word' id='word_1_209' title='bbox 442 2676 654 2764; x_wconf 76' lang='grc' dir='ltr'><strong><em>ἀθροισθῆναι</em></strong></span> <span class='ocrx_word' id='word_1_210' title='bbox 681 2678 755 2754; x_wconf 88' lang='grc' dir='ltr'><strong><em>τοδς</em></strong></span> <span class='ocrx_word' id='word_1_211' title='bbox 783 2674 967 2754; x_wconf 72' lang='grc' dir='ltr'><strong><em>ἐπισκόπους</em></strong></span> <span class='ocrx_word' id='word_1_212' title='bbox 1005 2677 1128 2759; x_wconf 82' lang='grc' dir='ltr'><strong><em>ίπίσχιν</em></strong></span> <span class='ocrx_word' id='word_1_213' title='bbox 1153 2674 1174 2761; x_wconf 77' lang='grc' dir='ltr'><strong><em>ἦ</em></strong></span> <span class='ocrx_word' id='word_1_214' title='bbox 1202 2676 1257 2754; x_wconf 82' lang='grc' dir='ltr'><strong><em>νδξ</em></strong></span> 
     </span>
     <span class='ocr_line' id='line_1_24' title="bbox 150 2775 1257 2869; baseline -0.002 -25"><span class='ocrx_word' id='word_1_215' title='bbox 150 2781 251 2862; x_wconf 69' lang='grc' dir='ltr'><strong><em>ἐκείνη</em></strong></span> <span class='ocrx_word' id='word_1_216' title='bbox 260 2827 272 2859; x_wconf 91' lang='grc'><strong><em>,</em></strong></span> <span class='ocrx_word' id='word_1_217' title='bbox 291 2778 463 2864; x_wconf 75' lang='grc' dir='ltr'><strong><em>φλεγμονὴν</em></strong></span> <span class='ocrx_word' id='word_1_218' title='bbox 476 2788 520 2867; x_wconf 79' lang='grc' dir='ltr'><strong><em>τῷ</em></strong></span> <span class='ocrx_word' id='word_1_219' title='bbox 536 2785 637 2869; x_wconf 80' lang='grc' dir='ltr'><strong><em>λαιμῷ</em></strong></span> <span class='ocrx_word' id='word_1_220' title='bbox 653 2780 754 2863; x_wconf 77' lang='grc' dir='ltr'><strong><em>δεινὴν</em></strong></span> <span class='ocrx_word' id='word_1_221' title='bbox 768 2781 987 2864; x_wconf 81' lang='grc' dir='ltr'><strong><em>έπενεγκοῦσα,</em></strong></span> <span class='ocrx_word' id='word_1_222' title='bbox 1012 2775 1153 2843; x_wconf 90' lang='grc' dir='ltr'><strong><em>θάνατον</em></strong></span> <span class='ocrx_word' id='word_1_223' title='bbox 1169 2777 1257 2844; x_wconf 80' lang='grc' dir='ltr'><strong><em>ἀπει-</em></strong></span> 
     </span>
     <span class='ocr_line' id='line_1_25' title="bbox 151 2866 1256 2971; baseline 0.001 -26"><span class='ocrx_word' id='word_1_224' title='bbox 151 2888 271 2947; x_wconf 67' lang='lat' dir='ltr'>rodco</span> <span class='ocrx_word' id='word_1_225' title='bbox 281 2877 359 2946; x_wconf 83' lang='grc' dir='ltr'><strong><em>πάνυ</em></strong></span> <span class='ocrx_word' id='word_1_226' title='bbox 372 2907 421 2949; x_wconf 87' lang='grc' dir='ltr'><strong><em>τοι</em></strong></span> <span class='ocrx_word' id='word_1_227' title='bbox 435 2880 560 2971; x_wconf 85' lang='grc' dir='ltr'><strong><em>σφόδρα</em></strong></span> <span class='ocrx_word' id='word_1_228' title='bbox 568 2885 730 2971; x_wconf 71' lang='grc' dir='ltr'><strong><em>αἰφνίδιον.</em></strong></span> <span class='ocrx_word' id='word_1_229' title='bbox 760 2885 811 2949; x_wconf 82' lang='grc' dir='ltr'><strong><em>καί</em></strong></span> <span class='ocrx_word' id='word_1_230' title='bbox 826 2874 907 2968; x_wconf 82' lang='grc' dir='ltr'><strong><em>ἦσαν</em></strong></span> <span class='ocrx_word' id='word_1_231' title='bbox 921 2866 1065 2948; x_wconf 71' lang='grc' dir='ltr'><strong><em>ἐντεῦθεν</em></strong></span> <span class='ocrx_word' id='word_1_232' title='bbox 1079 2878 1151 2968; x_wconf 84' lang='grc' dir='ltr'><strong><em>άχρι</em></strong></span> <span class='ocrx_word' id='word_1_233' title='bbox 1162 2879 1256 2970; x_wconf 79' lang='grc' dir='ltr'><strong><em>τριῶν</em></strong></span> 
     </span>
    </p>
   </div>
   <div class='ocr_carea' id='block_1_5' title="bbox 143 3043 1339 4430">
    <p class='ocr_par' dir='ltr' id='par_1_5' title="bbox 143 3043 1339 4430">
     <span class='ocr_line' id='line_1_26' title="bbox 170 3043 1256 3117; baseline 0.001 -20"><span class='ocrx_word' id='word_1_234' title='bbox 170 3043 280 3098; x_wconf 86' lang='lat' dir='ltr'>uaedam</span> <span class='ocrx_word' id='word_1_235' title='bbox 293 3043 448 3098; x_wconf 79' lang='lat' dir='ltr'>exsecranda</span> <span class='ocrx_word' id='word_1_236' title='bbox 463 3045 617 3117; x_wconf 72' lang='lat' dir='ltr'>proferendo</span> <span class='ocrx_word' id='word_1_237' title='bbox 633 3048 684 3101; x_wconf 89' lang='lat' dir='ltr'>Dei</span> <span class='ocrx_word' id='word_1_238' title='bbox 698 3046 833 3102; x_wconf 87' lang='lat' dir='ltr'>ecclesiam</span> <span class='ocrx_word' id='word_1_239' title='bbox 850 3046 1021 3101; x_wconf 80' lang='lat' dir='ltr'>coufunderet</span> <span class='ocrx_word' id='word_1_240' title='bbox 1039 3063 1070 3100; x_wconf 89' lang='lat' dir='ltr'>ac</span> <span class='ocrx_word' id='word_1_241' title='bbox 1081 3047 1256 3116; x_wconf 86' lang='lat' dir='ltr'>perturbaret.</span> 
     </span>
     <span class='ocr_line' id='line_1_27' title="bbox 147 3063 1256 3184; baseline 0.002 -18"><span class='ocrx_word' id='word_1_242' title='bbox 147 3063 232 3183; x_wconf 58' lang='lat'>2111.)</span> <span class='ocrx_word' id='word_1_243' title='bbox 254 3114 293 3166; x_wconf 81' lang='lat' dir='ltr'>Et</span> <span class='ocrx_word' id='word_1_244' title='bbox 315 3131 345 3167; x_wconf 87' lang='lat' dir='ltr'>ea</span> <span class='ocrx_word' id='word_1_245' title='bbox 362 3115 464 3184; x_wconf 89' lang='lat' dir='ltr'>quidem</span> <span class='ocrx_word' id='word_1_246' title='bbox 482 3115 640 3168; x_wconf 79' lang='lat' dir='ltr'><strong>voluntatum</strong></span> <span class='ocrx_word' id='word_1_247' title='bbox 659 3117 792 3170; x_wconf 70' lang='lat' dir='ltr'>consensio</span> <span class='ocrx_word' id='word_1_248' title='bbox 810 3123 839 3171; x_wconf 88' lang='lat' dir='ltr'>et</span> <span class='ocrx_word' id='word_1_249' title='bbox 857 3116 994 3171; x_wconf 89' lang='lat' dir='ltr'>concordia</span> <span class='ocrx_word' id='word_1_250' title='bbox 1010 3132 1061 3170; x_wconf 90' lang='lat' dir='ltr'>non</span> <span class='ocrx_word' id='word_1_251' title='bbox 1096 3115 1150 3168; x_wconf 91' lang='lat' dir='ltr'>rius</span> <span class='ocrx_word' id='word_1_252' title='bbox 1168 3115 1256 3169; x_wconf 88' lang='lat' dir='ltr'>ambos</span> 
     </span>
     <span class='ocr_line' id='line_1_28' title="bbox 145 3133 1256 3268; baseline -0.001 -30"><span class='ocrx_word' id='word_1_253' title='bbox 145 3184 227 3249; x_wconf 83' lang='lat' dir='ltr'>iuter,</span> <span class='ocrx_word' id='word_1_254' title='bbox 245 3183 417 3254; x_wconf 83' lang='lat' dir='ltr'>patriarcham</span> <span class='ocrx_word' id='word_1_255' title='bbox 430 3184 489 3238; x_wconf 88' lang='lat' dir='ltr'>dico</span> <span class='ocrx_word' id='word_1_256' title='bbox 501 3191 530 3238; x_wconf 87' lang='lat' dir='ltr'>et</span> <span class='ocrx_word' id='word_1_257' title='bbox 543 3184 746 3255; x_wconf 77' lang='lat' dir='ltr'><strong>imperatricem,</strong></span> <span class='ocrx_word' id='word_1_258' title='bbox 763 3187 855 3256; x_wconf 79' lang='lat' dir='ltr'>vigera</span> <span class='ocrx_word' id='word_1_259' title='bbox 868 3186 959 3250; x_wconf 87' lang='lat' dir='ltr'>desiit,</span> <span class='ocrx_word' id='word_1_260' title='bbox 978 3201 1053 3268; x_wconf 80' lang='lat' dir='ltr'>quam</span> <span class='ocrx_word' id='word_1_261' title='bbox 1067 3133 1120 3248; x_wconf 65' lang='lat' dir='ltr'>ide,</span> <span class='ocrx_word' id='word_1_262' title='bbox 1136 3191 1197 3254; x_wconf 88' lang='lat' dir='ltr'>post</span> <span class='ocrx_word' id='word_1_263' title='bbox 1210 3201 1256 3237; x_wconf 88' lang='lat' dir='ltr'>ac·</span> 
     </span>
     <span class='ocr_line' id='line_1_29' title="bbox 146 3253 1255 3324; baseline -0.002 -18"><span class='ocrx_word' id='word_1_264' title='bbox 146 3263 267 3306; x_wconf 70' lang='lat' dir='ltr'>matam</span> <span class='ocrx_word' id='word_1_265' title='bbox 281 3253 463 3323; x_wconf 79' lang='lat' dir='ltr'>experientiam</span> <span class='ocrx_word' id='word_1_266' title='bbox 478 3254 615 3323; x_wconf 86' lang='lat' dir='ltr'>desperata</span> <span class='ocrx_word' id='word_1_267' title='bbox 628 3254 786 3324; x_wconf 88' lang='lat' dir='ltr'>reipublicae</span> <span class='ocrx_word' id='word_1_268' title='bbox 797 3255 1011 3323; x_wconf 85' lang='lat' dir='ltr'>sslute,coeper1t</span> <span class='ocrx_word' id='word_1_269' title='bbox 1022 3253 1082 3307; x_wconf 88' lang='lat' dir='ltr'>huic</span> <span class='ocrx_word' id='word_1_270' title='bbox 1095 3253 1255 3317; x_wconf 73' lang='lat' dir='ltr'>emundare,</span> 
     </span>
     <span class='ocr_line' id='line_1_30' title="bbox 146 3321 1255 3393; baseline -0.004 -16"><span class='ocrx_word' id='word_1_271' title='bbox 146 3340 217 3392; x_wconf 85' lang='lat' dir='ltr'>quse</span> <span class='ocrx_word' id='word_1_272' title='bbox 236 3324 372 3392; x_wconf 81' lang='lat' dir='ltr'>profutura</span> <span class='ocrx_word' id='word_1_273' title='bbox 385 3329 485 3388; x_wconf 84' lang='lat' dir='ltr'>essent,</span> <span class='ocrx_word' id='word_1_274' title='bbox 502 3331 593 3377; x_wconf 87' lang='lat' dir='ltr'>auctor</span> <span class='ocrx_word' id='word_1_275' title='bbox 611 3341 644 3377; x_wconf 90' lang='lat' dir='ltr'>ue</span> <span class='ocrx_word' id='word_1_276' title='bbox 659 3323 789 3377; x_wconf 80' lang='lat' dir='ltr'>exstiterit</span> <span class='ocrx_word' id='word_1_277' title='bbox 803 3323 904 3392; x_wconf 79' lang='lat' dir='ltr'>gratiae</span> <span class='ocrx_word' id='word_1_278' title='bbox 917 3321 1119 3375; x_wconf 75' lang='lat' dir='ltr'>reconciliandae</span> <span class='ocrx_word' id='word_1_279' title='bbox 1138 3329 1166 3376; x_wconf 87' lang='lat' dir='ltr'>et</span> <span class='ocrx_word' id='word_1_280' title='bbox 1182 3322 1255 3393; x_wconf 89' lang='lat' dir='ltr'>pacis</span> 
     </span>
     <span class='ocr_line' id='line_1_31' title="bbox 146 3390 1256 3462; baseline -0.002 -18"><span class='ocrx_word' id='word_1_281' title='bbox 146 3408 206 3445; x_wconf 86' lang='lat' dir='ltr'>cum</span> <span class='ocrx_word' id='word_1_282' title='bbox 220 3393 403 3445; x_wconf 78' lang='lat' dir='ltr'>Cautamaeno</span> <span class='ocrx_word' id='word_1_283' title='bbox 422 3392 565 3445; x_wconf 81' lang='lat' dir='ltr'>iaciendas.</span> <span class='ocrx_word' id='word_1_284' title='bbox 625 3410 640 3445; x_wconf 87' lang='lat' dir='ltr'>x</span> <span class='ocrx_word' id='word_1_285' title='bbox 656 3409 706 3462; x_wconf 88' lang='lat' dir='ltr'>quo</span> <span class='ocrx_word' id='word_1_286' title='bbox 725 3400 810 3445; x_wconf 89' lang='lat' dir='ltr'>autem</span> <span class='ocrx_word' id='word_1_287' title='bbox 825 3390 915 3443; x_wconf 88' lang='lat' dir='ltr'>utilius</span> <span class='ocrx_word' id='word_1_288' title='bbox 933 3408 990 3444; x_wconf 87' lang='lat' dir='ltr'>essa</span> <span class='ocrx_word' id='word_1_289' title='bbox 1009 3391 1101 3444; x_wconf 82' lang='lat' dir='ltr'>statuit</span> <span class='ocrx_word' id='word_1_290' title='bbox 1112 3408 1167 3444; x_wconf 86' lang='lat' dir='ltr'>eam</span> <span class='ocrx_word' id='word_1_291' title='bbox 1181 3390 1256 3460; x_wconf 85' lang='lat' dir='ltr'>sequi</span> 
     </span>
     <span class='ocr_line' id='line_1_32' title="bbox 145 3458 1256 3532; baseline -0.003 -18"><span class='ocrx_word' id='word_1_292' title='bbox 145 3461 227 3525; x_wconf 77' lang='grc' dir='ltr'><strong><em>τὶοιι,</em></strong></span> <span class='ocrx_word' id='word_1_293' title='bbox 243 3478 277 3514; x_wconf 85' lang='lat' dir='ltr'>ex</span> <span class='ocrx_word' id='word_1_294' title='bbox 293 3479 323 3513; x_wconf 86' lang='lat' dir='ltr'>eo</span> <span class='ocrx_word' id='word_1_295' title='bbox 337 3469 445 3530; x_wconf 87' lang='lat' dir='ltr'>repente</span> <span class='ocrx_word' id='word_1_296' title='bbox 456 3461 483 3514; x_wconf 89' lang='lat' dir='ltr'>in</span> <span class='ocrx_word' id='word_1_297' title='bbox 495 3480 524 3514; x_wconf 85' lang='lat' dir='ltr'>se</span> <span class='ocrx_word' id='word_1_298' title='bbox 535 3463 617 3531; x_wconf 87' lang='lat' dir='ltr'>ipsum</span> <span class='ocrx_word' id='word_1_299' title='bbox 628 3479 732 3532; x_wconf 88' lang='lat' dir='ltr'>quoque</span> <span class='ocrx_word' id='word_1_300' title='bbox 744 3458 931 3529; x_wconf 79' lang='lat' dir='ltr'>imperatricem</span> <span class='ocrx_word' id='word_1_301' title='bbox 946 3459 1121 3515; x_wconf 60' lang='lat' dir='ltr'>exacerbavit„</span> <span class='ocrx_word' id='word_1_302' title='bbox 1142 3461 1179 3513; x_wconf 80' lang='lat' dir='ltr'>Et</span> <span class='ocrx_word' id='word_1_303' title='bbox 1191 3461 1256 3512; x_wconf 85' lang='lat' dir='ltr'>haec</span> 
     </span>
     <span class='ocr_line' id='line_1_33' title="bbox 146 3528 1256 3600; baseline -0.004 -17"><span class='ocrx_word' id='word_1_304' title='bbox 146 3531 199 3583; x_wconf 73' lang='lat' dir='ltr'>fait</span> <span class='ocrx_word' id='word_1_305' title='bbox 212 3529 272 3583; x_wconf 87' lang='lat' dir='ltr'>maii</span> <span class='ocrx_word' id='word_1_306' title='bbox 286 3529 359 3599; x_wconf 76' lang='lat' dir='ltr'>origo</span> <span class='ocrx_word' id='word_1_307' title='bbox 370 3547 401 3581; x_wconf 86' lang='lat' dir='ltr'>ac</span> <span class='ocrx_word' id='word_1_308' title='bbox 412 3530 493 3600; x_wconf 86' lang='lat' dir='ltr'>primo</span> <span class='ocrx_word' id='word_1_309' title='bbox 505 3530 585 3597; x_wconf 87' lang='lat' dir='ltr'>iubes,</span> <span class='ocrx_word' id='word_1_310' title='bbox 598 3548 664 3599; x_wconf 84' lang='lat' dir='ltr'>quae</span> <span class='ocrx_word' id='word_1_311' title='bbox 678 3530 880 3583; x_wconf 85' lang='lat' dir='ltr'>coniunctionem</span> <span class='ocrx_word' id='word_1_312' title='bbox 893 3529 961 3582; x_wconf 87' lang='lat' dir='ltr'>iliam</span> <span class='ocrx_word' id='word_1_313' title='bbox 974 3529 1187 3598; x_wconf 82' lang='lat' dir='ltr'>concordiamque</span> <span class='ocrx_word' id='word_1_314' title='bbox 1202 3528 1256 3580; x_wconf 82' lang='lat' dir='ltr'>dis-</span> 
     </span>
     <span class='ocr_line' id='line_1_34' title="bbox 145 3597 1255 3669; baseline -0.001 -19"><span class='ocrx_word' id='word_1_315' title='bbox 145 3599 279 3651; x_wconf 77' lang='lat' dir='ltr'>aolrerat:</span> <span class='ocrx_word' id='word_1_316' title='bbox 296 3601 346 3651; x_wconf 88' lang='lat' dir='ltr'>hoc</span> <span class='ocrx_word' id='word_1_317' title='bbox 360 3597 412 3651; x_wconf 78' lang='lat' dir='ltr'>ruit</span> <span class='ocrx_word' id='word_1_318' title='bbox 428 3600 535 3666; x_wconf 82' lang='lat' dir='ltr'>vuinus,</span> <span class='ocrx_word' id='word_1_319' title='bbox 552 3600 621 3669; x_wconf 87' lang='lat' dir='ltr'>quod</span> <span class='ocrx_word' id='word_1_320' title='bbox 635 3617 682 3652; x_wconf 90' lang='lat' dir='ltr'>nec</span> <span class='ocrx_word' id='word_1_321' title='bbox 697 3601 809 3652; x_wconf 84' lang='lat' dir='ltr'>sementa</span> <span class='ocrx_word' id='word_1_322' title='bbox 827 3616 875 3652; x_wconf 87' lang='lat' dir='ltr'>uec</span> <span class='ocrx_word' id='word_1_323' title='bbox 889 3597 1012 3668; x_wconf 83' lang='lat' dir='ltr'>ligamina</span> <span class='ocrx_word' id='word_1_324' title='bbox 1029 3597 1081 3650; x_wconf 86' lang='lat' dir='ltr'>ulia</span> <span class='ocrx_word' id='word_1_325' title='bbox 1097 3599 1255 3650; x_wconf 86' lang='lat' dir='ltr'>admitteret.</span> 
     </span>
     <span class='ocr_line' id='line_1_35' title="bbox 144 3666 1257 3737; baseline -0.002 -17"><span class='ocrx_word' id='word_1_326' title='bbox 144 3669 268 3736; x_wconf 79' lang='lat' dir='ltr'>Augusta</span> <span class='ocrx_word' id='word_1_327' title='bbox 289 3666 372 3735; x_wconf 82' lang='lat' dir='ltr'>igitur</span> <span class='ocrx_word' id='word_1_328' title='bbox 392 3683 478 3720; x_wconf 90' lang='lat' dir='ltr'>omnes</span> <span class='ocrx_word' id='word_1_329' title='bbox 491 3686 524 3721; x_wconf 81' lang='lat' dir='ltr'>ex</span> <span class='ocrx_word' id='word_1_330' title='bbox 538 3686 569 3722; x_wconf 88' lang='lat' dir='ltr'>eo</span> <span class='ocrx_word' id='word_1_331' title='bbox 583 3676 653 3722; x_wconf 88' lang='lat' dir='ltr'>artes</span> <span class='ocrx_word' id='word_1_332' title='bbox 667 3670 751 3723; x_wconf 86' lang='lat' dir='ltr'>animo</span> <span class='ocrx_word' id='word_1_333' title='bbox 762 3685 883 3730; x_wconf 81' lang='lat' dir='ltr'>versare,</span> <span class='ocrx_word' id='word_1_334' title='bbox 899 3675 930 3721; x_wconf 91' lang='lat' dir='ltr'>ut</span> <span class='ocrx_word' id='word_1_335' title='bbox 944 3667 1108 3737; x_wconf 78' lang='lat' dir='ltr'>patriarchae</span> <span class='ocrx_word' id='word_1_336' title='bbox 1120 3666 1257 3736; x_wconf 86' lang='lat' dir='ltr'>pontifica-</span> 
     </span>
     <span class='ocr_line' id='line_1_36' title="bbox 144 3733 1256 3806; baseline -0.002 -17"><span class='ocrx_word' id='word_1_337' title='bbox 144 3743 202 3789; x_wconf 86' lang='lat' dir='ltr'>tum</span> <span class='ocrx_word' id='word_1_338' title='bbox 217 3738 374 3806; x_wconf 82' lang='lat' dir='ltr'>abrogaret,</span> <span class='ocrx_word' id='word_1_339' title='bbox 392 3738 475 3789; x_wconf 86' lang='lat' dir='ltr'>omnia</span> <span class='ocrx_word' id='word_1_340' title='bbox 489 3755 574 3790; x_wconf 87' lang='lat' dir='ltr'>secum</span> <span class='ocrx_word' id='word_1_341' title='bbox 587 3738 691 3791; x_wconf 76' lang='lat' dir='ltr'>volvere</span> <span class='ocrx_word' id='word_1_342' title='bbox 705 3756 736 3791; x_wconf 89' lang='lat' dir='ltr'>ac</span> <span class='ocrx_word' id='word_1_343' title='bbox 751 3738 886 3792; x_wconf 79' lang='lat' dir='ltr'>revolvere</span> <span class='ocrx_word' id='word_1_344' title='bbox 904 3737 1025 3801; x_wconf 71' lang='grc' dir='ltr'><strong><em>οοιιιίΙῐοῖ</em></strong></span> <span class='ocrx_word' id='word_1_345' title='bbox 1044 3736 1155 3805; x_wconf 87' lang='lat' dir='ltr'>denique</span> <span class='ocrx_word' id='word_1_346' title='bbox 1170 3733 1256 3799; x_wconf 80' lang='lat' dir='ltr'>adid,</span> 
     </span>
     <span class='ocr_line' id='line_1_37' title="bbox 143 3803 1256 3876; baseline 0.001 -20"><span class='ocrx_word' id='word_1_347' title='bbox 143 3805 220 3875; x_wconf 85' lang='lat' dir='ltr'>quod</span> <span class='ocrx_word' id='word_1_348' title='bbox 235 3805 286 3858; x_wconf 82' lang='lat' dir='ltr'>eibi</span> <span class='ocrx_word' id='word_1_349' title='bbox 303 3805 460 3874; x_wconf 89' lang='lat' dir='ltr'>propositum</span> <span class='ocrx_word' id='word_1_350' title='bbox 475 3814 554 3872; x_wconf 87' lang='lat' dir='ltr'>erat‚.</span> <span class='ocrx_word' id='word_1_351' title='bbox 563 3807 627 3860; x_wconf 90' lang='lat' dir='ltr'>nihii</span> <span class='ocrx_word' id='word_1_352' title='bbox 639 3807 757 3861; x_wconf 84' lang='lat' dir='ltr'>invenire</span> <span class='ocrx_word' id='word_1_353' title='bbox 772 3807 921 3871; x_wconf 85' lang='lat' dir='ltr'>efficacius,</span> <span class='ocrx_word' id='word_1_354' title='bbox 938 3823 1013 3876; x_wconf 87' lang='lat' dir='ltr'>quarn</span> <span class='ocrx_word' id='word_1_355' title='bbox 1025 3804 1047 3858; x_wconf 88' lang='lat' dir='ltr'>ai</span> <span class='ocrx_word' id='word_1_356' title='bbox 1064 3804 1209 3876; x_wconf 86' lang='lat' dir='ltr'>opinionum</span> <span class='ocrx_word' id='word_1_357' title='bbox 1221 3803 1256 3857; x_wconf 87' lang='lat' dir='ltr'>il-</span> 
     </span>
     <span class='ocr_line' id='line_1_38' title="bbox 145 3872 1255 3945; baseline -0.002 -18"><span class='ocrx_word' id='word_1_358' title='bbox 145 3873 231 3927; x_wconf 85' lang='lat' dir='ltr'>larum</span> <span class='ocrx_word' id='word_1_359' title='bbox 244 3880 272 3927; x_wconf 88' lang='lat' dir='ltr'>et</span> <span class='ocrx_word' id='word_1_360' title='bbox 285 3875 418 3943; x_wconf 87' lang='lat' dir='ltr'>impiarum</span> <span class='ocrx_word' id='word_1_361' title='bbox 431 3893 537 3939; x_wconf 78' lang='lat' dir='ltr'>vocum,</span> <span class='ocrx_word' id='word_1_362' title='bbox 555 3893 618 3945; x_wconf 81' lang='lat' dir='ltr'>quar</span> <span class='ocrx_word' id='word_1_363' title='bbox 632 3876 816 3944; x_wconf 76' lang='lat' dir='ltr'>impensissime</span> <span class='ocrx_word' id='word_1_364' title='bbox 828 3882 905 3929; x_wconf 86' lang='lat' dir='ltr'>antea</span> <span class='ocrx_word' id='word_1_365' title='bbox 919 3893 947 3929; x_wconf 91' lang='lat' dir='ltr'>re</span> <span class='ocrx_word' id='word_1_366' title='bbox 967 3875 1085 3941; x_wconf 86' lang='lat' dir='ltr'>udiarat‚</span> <span class='ocrx_word' id='word_1_367' title='bbox 1104 3891 1160 3926; x_wconf 86' lang='lat' dir='ltr'>cum</span> <span class='ocrx_word' id='word_1_368' title='bbox 1172 3872 1255 3926; x_wconf 88' lang='lat' dir='ltr'>Pala-</span> 
     </span>
     <span class='ocr_line' id='line_1_39' title="bbox 144 3893 1300 4015; baseline -0.005 -19"><span class='ocrx_word' id='word_1_369' title='bbox 144 3960 206 3996; x_wconf 66' lang='grc' dir='ltr'><strong><em>τινα</em></strong></span> <span class='ocrx_word' id='word_1_370' title='bbox 223 3944 396 3996; x_wconf 83' lang='lat' dir='ltr'>sectatoribus</span> <span class='ocrx_word' id='word_1_371' title='bbox 409 3943 506 3997; x_wconf 87' lang='lat' dir='ltr'>demum</span> <span class='ocrx_word' id='word_1_372' title='bbox 519 3944 648 4015; x_wconf 85' lang='lat' dir='ltr'>particeps</span> <span class='ocrx_word' id='word_1_373' title='bbox 661 3947 744 4010; x_wconf 84' lang='lat' dir='ltr'>sacta,</span> <span class='ocrx_word' id='word_1_374' title='bbox 763 3946 858 4001; x_wconf 84' lang='lat' dir='ltr'>amicas</span> <span class='ocrx_word' id='word_1_375' title='bbox 875 3962 919 3997; x_wconf 87' lang='lat' dir='ltr'>eos</span> <span class='ocrx_word' id='word_1_376' title='bbox 931 3893 981 3998; x_wconf 65' lang='lat' dir='ltr'>adsi</span> <span class='ocrx_word' id='word_1_377' title='bbox 993 3942 1131 4010; x_wconf 86' lang='lat' dir='ltr'>redderet,</span> <span class='ocrx_word' id='word_1_378' title='bbox 1148 3948 1176 3996; x_wconf 89' lang='lat' dir='ltr'>et</span> <span class='ocrx_word' id='word_1_379' title='bbox 1189 3942 1254 4012; x_wconf 86' lang='lat' dir='ltr'>ipsis</span> <span class='ocrx_word' id='word_1_380' title='bbox 1299 3983 1300 3990; x_wconf 73' lang='grc'><strong><em>,</em></strong></span> 
     </span>
     <span class='ocr_line' id='line_1_40' title="bbox 144 4011 1253 4082; baseline -0.001 -17"><span class='ocrx_word' id='word_1_381' title='bbox 144 4013 310 4065; x_wconf 77' lang='lat' dir='ltr'>adiutoribus</span> <span class='ocrx_word' id='word_1_382' title='bbox 321 4017 440 4065; x_wconf 85' lang='lat' dir='ltr'>uteretur</span> <span class='ocrx_word' id='word_1_383' title='bbox 455 4014 576 4067; x_wconf 85' lang='lat' dir='ltr'>adversus</span> <span class='ocrx_word' id='word_1_384' title='bbox 589 4014 665 4067; x_wconf 79' lang='lat' dir='ltr'>istum</span> <span class='ocrx_word' id='word_1_385' title='bbox 681 4015 821 4067; x_wconf 85' lang='lat' dir='ltr'>acerrimis.</span> <span class='ocrx_word' id='word_1_386' title='bbox 857 4014 932 4082; x_wconf 79' lang='lat' dir='ltr'>(IV.)</span> <span class='ocrx_word' id='word_1_387' title='bbox 949 4013 1061 4065; x_wconf 88' lang='lat' dir='ltr'>Primum</span> <span class='ocrx_word' id='word_1_388' title='bbox 1072 4011 1155 4081; x_wconf 79' lang='lat' dir='ltr'>igitur</span> <span class='ocrx_word' id='word_1_389' title='bbox 1169 4011 1253 4078; x_wconf 85' lang='lat' dir='ltr'>domo,</span> 
     </span>
     <span class='ocr_line' id='line_1_41' title="bbox 143 4080 1255 4151; baseline 0 -17"><span class='ocrx_word' id='word_1_390' title='bbox 143 4089 271 4150; x_wconf 67' lang='lat' dir='ltr'>unquam</span> <span class='ocrx_word' id='word_1_391' title='bbox 285 4098 399 4140; x_wconf 82' lang='lat' dir='ltr'>carcere,</span> <span class='ocrx_word' id='word_1_392' title='bbox 416 4083 456 4136; x_wconf 90' lang='lat' dir='ltr'>ita</span> <span class='ocrx_word' id='word_1_393' title='bbox 471 4100 526 4135; x_wconf 88' lang='lat' dir='ltr'>eum</span> <span class='ocrx_word' id='word_1_394' title='bbox 538 4083 635 4136; x_wconf 82' lang='lat' dir='ltr'>includi</span> <span class='ocrx_word' id='word_1_395' title='bbox 650 4084 730 4147; x_wconf 82' lang='lat' dir='ltr'>iubet,</span> <span class='ocrx_word' id='word_1_396' title='bbox 748 4091 777 4136; x_wconf 91' lang='lat' dir='ltr'>ut</span> <span class='ocrx_word' id='word_1_397' title='bbox 793 4100 808 4135; x_wconf 89' lang='lat' dir='ltr'>a</span> <span class='ocrx_word' id='word_1_398' title='bbox 822 4084 921 4140; x_wconf 85' lang='lat' dir='ltr'>neruine</span> <span class='ocrx_word' id='word_1_399' title='bbox 932 4081 999 4134; x_wconf 83' lang='lat' dir='ltr'>adiri</span> <span class='ocrx_word' id='word_1_400' title='bbox 1010 4080 1106 4150; x_wconf 81' lang='lat' dir='ltr'>possit:</span> <span class='ocrx_word' id='word_1_401' title='bbox 1124 4089 1176 4134; x_wconf 87' lang='lat' dir='ltr'>turn</span> <span class='ocrx_word' id='word_1_402' title='bbox 1188 4095 1255 4151; x_wconf 89' lang='lat' dir='ltr'>pon·</span> 
     </span>
     <span class='ocr_line' id='line_1_42' title="bbox 143 4150 1254 4222; baseline 0 -18"><span class='ocrx_word' id='word_1_403' title='bbox 143 4151 246 4204; x_wconf 76' lang='lat' dir='ltr'>uocum</span> <span class='ocrx_word' id='word_1_404' title='bbox 263 4159 352 4203; x_wconf 84' lang='lat' dir='ltr'>coetus</span> <span class='ocrx_word' id='word_1_405' title='bbox 373 4151 417 4205; x_wconf 87' lang='lat' dir='ltr'>diu</span> <span class='ocrx_word' id='word_1_406' title='bbox 431 4159 559 4221; x_wconf 89' lang='lat' dir='ltr'>noctuque</span> <span class='ocrx_word' id='word_1_407' title='bbox 575 4153 602 4204; x_wconf 93' lang='lat' dir='ltr'>in</span> <span class='ocrx_word' id='word_1_408' title='bbox 614 4153 722 4205; x_wconf 86' lang='lat' dir='ltr'>eundem</span> <span class='ocrx_word' id='word_1_409' title='bbox 742 4170 772 4204; x_wconf 88' lang='lat' dir='ltr'>co</span> <span class='ocrx_word' id='word_1_410' title='bbox 791 4152 813 4204; x_wconf 84' lang='lat' dir='ltr'>&#39;t</span> <span class='ocrx_word' id='word_1_411' title='bbox 827 4160 855 4204; x_wconf 85' lang='lat' dir='ltr'>et</span> <span class='ocrx_word' id='word_1_412' title='bbox 869 4150 993 4220; x_wconf 80' lang='lat' dir='ltr'>instigat:</span> <span class='ocrx_word' id='word_1_413' title='bbox 1010 4150 1114 4203; x_wconf 86' lang='lat' dir='ltr'>tandem</span> <span class='ocrx_word' id='word_1_414' title='bbox 1125 4150 1254 4222; x_wconf 89' lang='lat' dir='ltr'>episcopis</span> 
     </span>
     <span class='ocr_line' id='line_1_43' title="bbox 143 4219 1257 4289; baseline 0.002 -17"><span class='ocrx_word' id='word_1_415' title='bbox 143 4220 238 4283; x_wconf 73' lang='lat' dir='ltr'>edicit,</span> <span class='ocrx_word' id='word_1_416' title='bbox 255 4229 285 4273; x_wconf 86' lang='lat' dir='ltr'>ut</span> <span class='ocrx_word' id='word_1_417' title='bbox 298 4219 423 4289; x_wconf 77' lang='lat' dir='ltr'>postridie</span> <span class='ocrx_word' id='word_1_418' title='bbox 437 4222 590 4274; x_wconf 86' lang='lat' dir='ltr'>conveniant</span> <span class='ocrx_word' id='word_1_419' title='bbox 602 4223 634 4275; x_wconf 90' lang='lat' dir='ltr'>ad</span> <span class='ocrx_word' id='word_1_420' title='bbox 647 4239 705 4274; x_wconf 87' lang='lat' dir='ltr'>eum</span> <span class='ocrx_word' id='word_1_421' title='bbox 720 4239 768 4288; x_wconf 82' lang='lat' dir='ltr'>gra</span> <span class='ocrx_word' id='word_1_422' title='bbox 786 4238 803 4272; x_wconf 90' lang='lat' dir='ltr'>u</span> <span class='ocrx_word' id='word_1_423' title='bbox 816 4219 994 4273; x_wconf 87' lang='lat' dir='ltr'>deiiciendam.</span> <span class='ocrx_word' id='word_1_424' title='bbox 1024 4219 1060 4272; x_wconf 79' lang='lat' dir='ltr'>Ei</span> <span class='ocrx_word' id='word_1_425' title='bbox 1073 4237 1135 4272; x_wconf 84' lang='lat' dir='ltr'>varo</span> <span class='ocrx_word' id='word_1_426' title='bbox 1148 4219 1189 4273; x_wconf 83' lang='lat' dir='ltr'>rai</span> <span class='ocrx_word' id='word_1_427' title='bbox 1202 4238 1257 4274; x_wconf 80' lang='lat' dir='ltr'>rno-</span> 
     </span>
     <span class='ocr_line' id='line_1_44' title="bbox 143 4288 1257 4360; baseline -0.002 -17"><span class='ocrx_word' id='word_1_428' title='bbox 143 4306 203 4343; x_wconf 76' lang='lat' dir='ltr'>ram</span> <span class='ocrx_word' id='word_1_429' title='bbox 219 4305 272 4341; x_wconf 84' lang='lat' dir='ltr'>uox</span> <span class='ocrx_word' id='word_1_430' title='bbox 284 4290 387 4354; x_wconf 87' lang='lat' dir='ltr'>attulit,</span> <span class='ocrx_word' id='word_1_431' title='bbox 405 4290 513 4344; x_wconf 84' lang='lat' dir='ltr'>inducta</span> <span class='ocrx_word' id='word_1_432' title='bbox 524 4292 552 4342; x_wconf 93' lang='lat' dir='ltr'>in</span> <span class='ocrx_word' id='word_1_433' title='bbox 565 4291 652 4344; x_wconf 79' lang='lat' dir='ltr'>fauces</span> <span class='ocrx_word' id='word_1_434' title='bbox 666 4290 740 4360; x_wconf 81' lang='lat' dir='ltr'>gravi</span> <span class='ocrx_word' id='word_1_435' title='bbox 754 4288 966 4351; x_wconf 84' lang='lat' dir='ltr'>inflammatione,</span> <span class='ocrx_word' id='word_1_436' title='bbox 983 4305 1050 4356; x_wconf 88' lang='lat' dir='ltr'>quae</span> <span class='ocrx_word' id='word_1_437' title='bbox 1064 4288 1194 4341; x_wconf 86' lang='lat' dir='ltr'>interitum</span> <span class='ocrx_word' id='word_1_438' title='bbox 1212 4306 1257 4341; x_wconf 82' lang='lat' dir='ltr'>rc-</span> 
     </span>
     <span class='ocr_line' id='line_1_45' title="bbox 143 4355 1339 4430; baseline -0.003 -18"><span class='ocrx_word' id='word_1_439' title='bbox 143 4358 283 4428; x_wconf 80' lang='lat' dir='ltr'>peutiuum</span> <span class='ocrx_word' id='word_1_440' title='bbox 300 4359 454 4414; x_wconf 80' lang='lat' dir='ltr'>minabatur.</span> <span class='ocrx_word' id='word_1_441' title='bbox 489 4362 577 4430; x_wconf 76' lang='lat' dir='ltr'>atque</span> <span class='ocrx_word' id='word_1_442' title='bbox 595 4361 655 4413; x_wconf 91' lang='lat' dir='ltr'>inde</span> <span class='ocrx_word' id='word_1_443' title='bbox 671 4376 752 4429; x_wconf 84' lang='lat' dir='ltr'>usqua</span> <span class='ocrx_word' id='word_1_444' title='bbox 769 4375 816 4430; x_wconf 85' lang='lat' dir='ltr'>per</span> <span class='ocrx_word' id='word_1_445' title='bbox 830 4357 942 4411; x_wconf 84' lang='lat' dir='ltr'>triduum</span> <span class='ocrx_word' id='word_1_446' title='bbox 957 4356 1046 4410; x_wconf 83' lang='lat' dir='ltr'>mortis</span> <span class='ocrx_word' id='word_1_447' title='bbox 1062 4363 1174 4410; x_wconf 84' lang='lat' dir='ltr'>terrores</span> <span class='ocrx_word' id='word_1_448' title='bbox 1187 4355 1256 4409; x_wconf 85' lang='lat' dir='ltr'>illam</span> <span class='ocrx_word' id='word_1_449' title='bbox 1337 4393 1339 4396; x_wconf 79' lang='lat'><em>.</em></span> 
     </span>
    </p>
   </div>
   <div class='ocr_carea' id='block_1_6' title="bbox 0 0 1500 4792">
    <p class='ocr_par' dir='ltr' id='par_1_6' title="bbox 0 0 1500 4792">
     <span class='ocr_line' id='line_1_46' title="bbox 0 0 1500 4792; baseline 0 4"><span class='ocrx_word' id='word_1_450' title='bbox 0 0 1500 4792; x_wconf 95' lang='lat' dir='ltr'> </span> 
     </span>
    </p>
   </div>
  </div>
 </body>
</html>
