2992 4792
416 300 766 407 smmsmonns.
1004 328 1144 403 nmo

133 498 256 570 ntum
278 510 449 573 qumquem
462 492 553 553 iidem
568 502 672 574 postea
680 538 690 570 ,
710 494 777 556 sius
798 493 976 555 testimoniis
994 493 1034 556 ad
1057 515 1146 557 suum

138 578 404 655 ccommcdatis,
431 578 513 639 miris
535 578 677 639 laudibus
700 580 798 659 ipsum
819 582 998 642 ornaverint.
1041 583 1148 642 Exstat

137 683 281 740 goram
295 665 326 724 in
346 664 425 725 libro
440 664 573 725 nondum
594 664 675 724 edito
690 661 782 749 (Cod.
796 667 868 745 ling⁴
884 668 977 733 2952.
991 668 1043 728 lol.
1061 662 1148 747 157.)

133 750 250 809 erola
263 749 302 809 de
314 748 458 812 Palamita
471 749 615 831 quodam,
638 748 691 829 qui
713 749 752 811 ds
765 749 924 811 Theodoro
942 753 1056 832 Graptc
1067 762 1098 812 et
1110 751 1150 812 de

133 855 150 892 s
168 855 256 894 non
272 834 343 894 setis
355 844 527 897 reverenter
543 836 726 914 loqueretur.
767 833 873 918 Ecqsn'
884 840 960 896 enim
981 838 1152 917 (inquiebat

143 921 321 995 sectator)
349 920 430 981 norm
450 917 536 980 illurn
553 917 701 982 ecclesio?
724 917 799 998 Qsis
812 935 977 982 nostrorum
991 919 1074 983 illius
1092 945 1153 981 asn-

133 1000 285 1066 rmiesit?
311 1005 388 1064 Tum
409 1003 552 1081 addebat,
573 1025 761 1092 quoscunque
778 1006 806 1064 is
819 1019 923 1064 contra
938 1004 1155 1067 iconomachos

133 1089 341 1167 smpcsuisss
355 1085 506 1165 diceretur,
528 1111 563 1148 eo
575 1088 720 1149 erroribus
730 1089 912 1169 gravissimis
921 1105 1042 1151 scatere.
1066 1086 1156 1169 (lund

133 1175 265 1251 sipiani
277 1170 421 1234 nonnulla
435 1176 661 1234 interseruissem
679 1176 779 1253 spurio
794 1187 821 1232 et
843 1175 1046 1254 supposititio,
1067 1190 1096 1233 et
1117 1176 1157 1233 iis

133 1256 222 1318 flius
248 1258 479 1338 inscripsissent,
509 1260 604 1339 ipsum
627 1256 743 1341 quidem
761 1256 984 1338 irreprehensum
1002 1255 1157 1344 fcturum,

149 1343 232 1402 es'aes
247 1338 362 1404 libros:
381 1344 427 1402 sin
442 1364 477 1403 eu
489 1345 551 1403 eius
561 1358 652 1403 essent
665 1344 761 1424 reipsa
774 1357 800 1401 et
816 1338 996 1419 indubitate,
1017 1345 1077 1402 inm
1093 1364 1158 1401 euna

137 1451 177 1486 m
202 1423 299 1487 libris
313 1425 515 1501 reiiciendum,
536 1442 563 1486 et
581 1430 611 1487 in
626 1427 835 1489 haereticorum
849 1449 966 1489 nunterc
981 1425 1159 1509 ponendum.

133 1513 264 1571 [amita
278 1511 346 1587 ille,
367 1511 399 1571 in
412 1532 501 1591 quem
516 1513 664 1591 Gregores
675 1512 795 1573 acribus
809 1511 910 1571 verbis
925 1510 1078 1573 invehitur
1085 1555 1097 1586 ,
1119 1511 1160 1572 ed

133 1612 264 1657 cenum
284 1596 385 1678 ipsum
401 1617 574 1662 conversus.
618 1596 744 1680 Ecquem
770 1596 832 1672 Tu,
853 1596 968 1676 inquit,
989 1595 1067 1657 hunc
1081 1594 1161 1657 dere·

145 1695 308 1742 sanctum
324 1678 411 1741 illum
428 1681 544 1742 Putrem
558 1685 772 1763 sapientemque
784 1677 932 1741 doctorem
944 1701 1044 1741 armus
1056 1703 1161 1741 nouum

133 1759 260 1840 slsum,
281 1786 319 1826 cc
330 1767 430 1846 potins
442 1764 621 1828 Archilochi
631 1763 775 1828 simimn?
795 1806 838 1828 ..0
861 1762 923 1826 Gur
934 1764 1007 1826 hoec
1014 1779 1164 1846 praesente

133 1852 287 1911 tissimus
291 1847 534 1934 furibundusque
546 1849 741 1914 homunculus
760 1847 913 1912 memnii?
933 1861 991 1911 etc.
1033 1850 1121 1925 (Vide
1136 1856 1167 1909 st

133 1960 143 1994 ι
166 1937 261 2003 insta
276 1936 315 1995 ed
328 1955 395 2016 pult·
414 1939 486 2001 598.
501 1935 547 2016 F)
589 1938 654 1997 Non
669 1937 778 1998 mirum
792 1935 894 2015 itaque
906 1933 1042 1995 homines
1054 1935 1167 2014 impro-

133 2023 231 2080 sales
262 2020 307 2079 illi
326 2020 468 2080 ridentur
495 2022 605 2098 fuisse,
630 2020 865 2081 vetustissimum
888 2021 1029 2081 codicem
1055 2028 1167 2095 nactos,

133 2107 226 2166 toris
247 2124 355 2165 nomen
371 2124 431 2164 nou
449 2114 525 2166 esset
540 2107 739 2187 inscriptum,
761 2125 869 2166 nomen
888 2105 1062 2187 praefixisse
1079 2104 1167 2179 iilud,

133 2192 348 2251 rbitrarsntur
360 2193 560 2271 contemptius
575 2191 793 2271 obscuriusque
801 2210 875 2267 esse,
897 2213 986 2272 quam
1001 2199 1169 2267 utmagnus

137 2297 204 2335 eos
222 2275 406 2336 auctoritatis
422 2297 486 2336 esse
498 2286 611 2357 posset.
642 2278 682 2337 Ut
696 2287 731 2338 ut
743 2277 795 2354 sit,
816 2277 1005 2338 manifestum
1022 2285 1104 2335 certe
1114 2283 1169 2349 est,

137 2360 246 2420 latum
269 2361 360 2422 subse
376 2361 495 2422 Codicis
514 2363 712 2443 antiquissimi
730 2363 871 2438 titulum,
890 2363 1084 2442 additsmqus
1106 2379 1172 2420 esse

133 2447 189 2505 ori
212 2467 312 2525 msnu,
333 2456 366 2507 ut
379 2448 526 2526 diximus,
547 2471 610 2511 eam
630 2448 749 2526 lineam,
768 2450 800 2508 in
815 2466 874 2528 qun
893 2446 1045 2508 Theodori
1065 2444 1172 2525 Grspti

140 2532 278 2609 legitur.
320 2534 462 2614 Superest
484 2534 542 2597 ianr
559 2546 594 2596 ut
616 2535 825 2604 ostendemus,
847 2534 1011 2607 librorum,
1033 2553 1068 2591 eo
1085 2532 1173 2590 volu·

133 2617 442 2697 somprehens‘orum,
471 2610 624 2680 auctorem
654 2638 719 2678 esse
738 2616 940 2697 patriarcham
959 2615 1174 2695 Nicephorum.

133 2711 269 2761 constat
282 2701 486 2781 Nicephorum
507 2703 599 2761 multa
620 2724 676 2780 pro
699 2700 877 2778 imaginibus
898 2710 1003 2759 contra
1022 2702 1175 2760 lconomn-

134 2788 224 2847 ‘ariis
246 2784 433 2865 temporibus
452 2784 564 2862 scripta
594 2785 734 2843 edidisse.
778 2783 909 2860 ignatius
931 2786 1097 2859 Diaconus,
1124 2784 1177 2863 qui

133 2882 202 2931 tam
220 2870 352 2949 scripsit,
375 2888 442 2929 eum
457 2868 499 2927 ait
510 2870 663 2947 aliquanto
675 2878 744 2948 post
758 2868 916 2929 Nicaenam
930 2869 1093 2950 synodum,
1110 2889 1177 2927 cum

133 2957 249 3017 adhuc
269 2956 381 3029 laicus,
410 2954 440 3012 in
461 2953 532 3013 iidei
554 2952 654 3015 hostes
674 2954 882 3019 insurrexisse.
904 2949 970 3018 τότε
987 2950 1042 3035 δὴ,
1070 2954 1179 3034 inquit,

133 3042 228 3126 ιέγας
240 3034 440 3120 Νεκηφόρος,
460 3035 497 3101 cci
513 3040 600 3120 νίκης
615 3034 829 3123 ἐπιφερόμενος
842 3034 1007 3121 σήμαντρα,
1027 3036 1103 3102 κατὰ
1118 3044 1180 3103 τῶν

136 3147 242 3201 creme
268 3120 440 3190 ἀντιπάλων
462 3119 550 3207 sopio
579 3149 609 3188 ττ
635 3124 689 3188 nni
716 3117 858 3189 invitior
878 3119 1057 3211 ἀνεκρούετο
1082 3123 1180 3206 μέλος,

133 3211 165 3277 iv
206 3209 287 3275 sivos
318 3205 516 3290 πιστούμενος
544 3204 764 3294 insplypmrrov
793 3207 868 3274 nurci
894 3207 928 3276 sti
950 3198 1006 3290 ”it
1025 3206 1182 3292 θεότητος,

134 3323 152 3360 ν
187 3296 246 3361 seni
267 3290 441 3374 α’νὲπαφον·
478 3294 678 3379 nepsypnnsdv
705 3294 738 3359 ii
758 3293 810 3359 seni
829 3292 959 3403 ypcnriv
979 3291 1054 3358 nursi
1074 3294 1107 3360 sei
1128 3301 1184 3376 τῆς

133 3379 292 3464 rudimen,
320 3375 414 3444 cinric
434 3402 466 3444 τε
486 3380 538 3443 nul
562 3376 730 3460 σύνθετον,
765 3375 812 3454 οἷς
830 3406 864 3444 το
888 3383 1088 3456 εἶκονίζεσθαι
1110 3382 1184 3459 ripn·

154 3461 416 3547 ἐπακολουθήοοι.
461 3465 578 3541 Quibus
591 3467 698 3547 Ignatii
716 3466 817 3527 verbis
835 3466 962 3527 indicari
977 3475 1052 3546 puto
1066 3463 1185 3548 Apolo-

133 3578 191 3627 pro
209 3551 290 3615 Fide.
335 3552 371 3612 ln
387 3552 536 3631 Synodion
552 3554 687 3632 Epistola
707 3552 904 3613 Orientalium
919 3553 957 3612 ad
976 3553 1185 3633 imperatorem

134 3638 249 3715 slsilum
277 3648 460 3698 memoretur
483 3637 559 3698 liber
581 3648 686 3697 contra
710 3637 822 3698 Christi
854 3638 1010 3716 imaginem
1034 3660 1050 3698 a
1075 3639 1188 3698 Ioanne

134 3735 220 3784 rosta
246 3723 360 3799 editus,
395 3723 536 3801 idemque
560 3745 577 3783 a
599 3722 770 3803 Nicephorc
789 3724 946 3787 retunsus.
988 3720 1188 3803 Theophanes

133 3829 211 3869 sssor
240 3809 385 3885 integram
410 3808 448 3868 ds
474 3809 656 3891 copronymi
680 3810 766 3868 obitu
785 3808 1002 3884 narrationem,
1033 3828 1071 3868 ex
1098 3807 1189 3866 tertio

134 3914 151 3951 a
183 3895 376 3954 blainmonmn
398 3894 603 3954 Antirrbetico'
625 3895 813 3969 translatam,
843 3893 993 3953 Chronico
1023 3913 1079 3954 suo
1106 3892 1190 3951 insc-

150 3990 243 4058 atque
258 3979 322 4039 eius
344 3979 520 4039 corretionis
536 3988 643 4038 auctor
655 3980 686 4037 in
701 3977 813 4038 Codice
826 3979 993 4061 loycusano
1004 3977 1192 4058 Nicephorus

133 4063 222 4123 orcha
247 4064 415 4142 indicatur,
450 4073 526 4125 teste
546 4064 680 4125 Petavio.
724 4063 801 4123 Vide
826 4065 1009 4141 fragments,
1038 4062 1193 4124 Brasiaric

134 4149 204 4209 nico
225 4148 392 4230 Nicephori
411 4149 599 4230 petriarcbae
620 4149 794 4225 subiuncta,
816 4150 946 4213 Edition.
977 4152 1077 4209 Petam
1118 4149 1194 4205 oum
1233 4142 1237 4161 ⁶

133 4255 167 4293 ce
191 4236 356 4317 loyeuseno
381 4236 530 4296 consentit
554 4234 681 4297 blicbaiil
703 4236 831 4314 Glycss,
861 4234 1020 4294 Annalium
1043 4230 1195 4314 parts-dl.

151 4325 220 4387 137.
247 4320 328 4384 Edit.
352 4322 424 4402 Reg.
441 4321 494 4383 ubi
511 4331 653 4406 excerpts
670 4341 711 4399 ex
725 4320 860 4384 secundo
880 4330 987 4383 sonus
1000 4319 1195 4381 blammcnsm
